2952 5028
896 364 991 412 IN
1073 363 1618 414 EURIPHJRM.
2211 376 2256 443 9

358 522 504 601 Ε’ἶτ
553 520 666 598 οὐκ
690 517 960 621 ἐληρουν
1007 525 1062 598 ὅ
1094 558 1163 601 τι
1206 524 1466 622 τύχοιμι
1498 524 1638 601 οὐδ’
1672 526 2037 620 ἓμπεσων”
1999 561 2262 653 εᾳιίρονς

340 625 509 702 Αλλ
550 624 784 714 ὁῦξιών
826 628 1161 723 πρώτιστα
1203 641 1322 723 μέν
1359 662 1482 724 μοι
1522 628 1597 704 τό
1630 640 1806 723 γένος
1831 631 2011 706 εἶπεν
2048 632 2266 718 waic

369 742 435 805 Ἰ
426 731 503 803 οὗ
548 722 2108 826 δράματος..

252 844 385 909 Sed
427 842 752 928 Tragicus
790 865 829 905 a
867 864 1052 908 more
1084 844 1201 913 suo
1227 856 1292 909 et
1325 842 1793 913 consuetudine
1822 802 2254 914 comicorum

253 947 395 1013 risu
439 946 680 1010 abduci
719 945 955 1011 noluit.

415 1049 586 1118 Dixi
638 1050 856 1137 paullo
895 1060 1080 1136 ante,
1161 1050 1414 1129 nullam
1461 1048 1805 1138 Euripidis
1846 1051 2257 1138 tragoediam

258 1154 390 1229 fine
440 1153 727 1239 Prologo
785 1152 1035 1218 editam
1098 1150 1304 1220 suiss'e.
1454 1155 1651 1238 Quod
1717 1177 1874 1219 cum
1936 1154 2259 1242 dicebam,

260 1281 402 1322 non
442 1279 626 1322 eram
688 1255 938 1322 nescius
955 1305 975 1342 ,
1057 1256 1493 1323 obiectionem
1550 1256 1668 1322 effe
1729 1269 2068 1346 paratam3
2153 1258 2260 1329 sed

258 1382 432 1450 quae
466 1371 766 1447 paratam
803 1383 1063 1449 quoque
1094 1371 1160 1424 et
1200 1360 1582 1450 expeditam
1621 1360 1859 1427 habeat
1906 1362 2261 1453 responfio·

259 1487 433 1531 nem.
537 1462 762 1530 Obiici
792 1487 1029 1553 nempe
1060 1463 1300 1551 potest,
1365 1465 1499 1530 duo
1538 1463 1767 1530 [altem
1808 1488 1894 1533 ex
1933 1467 2259 1532 novende-

263 1569 402 1634 cim
445 1566 892 1658 superssitibus
925 1566 1272 1655 Euripidis
1310 1567 1723 1633 dramatibus
1760 1570 2039 1657 prologo
2080 1593 2260 1636 care·

263 1696 372 1759 re3
399 1687 459 1739 et
483 1675 682 1764 plura
703 1673 863 1737 adeo
891 1693 977 1737 ex
1005 1671 1307 1759 pluribus
1341 1671 1691 1761 deperditis
1722 1695 1938 1738 carere
1968 1671 2261 1761 potuiffe.

265 1775 394 1841 Sed
451 1776 615 1844 huic
666 1787 1060 1863 argumento
1102 1772 1564 1863 respondemus
1604 1774 1827 1864 primo
1845 1822 1866 1861 ,
1937 1775 2261 1863 Rhesum,

256 1874 435 1969 quae
478 1883 684 1947 altera
736 1879 823 1944 est
863 1877 1332 1965 exceptionum
1377 1880 1707 1964 duarum,
1763 1879 2076 1969 Euripidi
2118 1878 2258 1944 iam

268 1985 353 2048 ab
410 1983 721 2049 omnibus
776 1982 912 2048 fere
967 1981 1208 2047 criticis
1249 1980 1367 2047 effe
1408 1982 1900 2071 abiudicatum3
1975 1994 2038 2047 et
2079 1983 2257 2050 hanc

266 2088 660 2152 sententiam
716 2087 795 2151 ad
854 2084 1192 2150 summum
1243 2085 1729 2173 probabilitatis
1782 2085 2065 2173 gradum
2110 2109 2260 2173 per-

270 2188 533 2255 duxisse
571 2211 724 2254 cum
764 2189 921 2255 alios
968 2189 1144 2255 viros
1186 2188 1411 2252 doctos
1428 2235 1448 2273 ,
1519 2197 1667 2251 tum
1712 2208 1924 2275 nuper
1966 2189 2261 2253 Hardio·

272 2294 469 2359 nium
500 2304 561 2358 et
591 2292 1162 2360 Valckenaerium.
1267 2288 1585 2357 Alterum
1623 2291 1858 2356 drama
1888 2293 2066 2379 quod
2106 2314 2262 2381 pro-

266 2399 424 2484 logo
458 2409 672 2482 caret,
742 2395 827 2460 est
856 2394 1201 2485 Iphigenia
1244 2393 1317 2460 in
1360 2393 1647 2482 Aulide—3
1719 2395 1905 2460 cuius
1943 2393 2093 2462 sane
2131 2396 2263 2461 ini·

268 2502 479 2588 tium,
517 2514 608 2584 ‚ut
635 2500 833 2567 hodie
871 2501 1128 2566 editum
1165 2497 1287 2584 est,
1337 2501 1714 2566 auditorem
1733 2548 1754 2586 ,
1792 2523 1976 2566 more
2007 2500 2263 2591 Sopho·

271 2609 409 2673 cleo
426 2655 446 2691 ,
511 2606 585 2671 iu
639 2604 886 2671 medias
931 2627 1037 2672 rea
1084 2603 1354 2692 abripit.
1482 2604 1607 2670 Sed
1667 2627 1874 2693 neque
1927 2605 2040 2673 hic
2094 2605 2263 2672 deest

273 2712 452 2799 quod
484 2731 884 2797 regeramus·
986 2707 1164 2774 Cum
1196 2708 1379 2774 enim
1421 2707 1744 2789 Aelianus
1770 2721 1898 2774 tres
1928 2709 2145 2777 versus
2177 2733 2263 2776 ex

273 2814 399 2881 hac
441 2813 668 2880 fabula
709 2810 1050 2895 citaverit,
1117 2811 1238 2900 qui
1284 2811 1359 2877 in
1399 2812 1702 2876 dramate
1746 2812 1995 2896 nolim,
2057 2824 2265 2899 prout

270 2940 453 2983 nunc
490 2917 814 3003 habetur,
863 2937 1193 3007 nusquam
1234 2926 1655 3003 comparent3
1700 2936 1984 3002 cumque
2017 2901 2092 2980 hi
2135 2925 2265 2980 tres

277 3021 497 3087 versus
533 3020 789 3087 Dianae
825 3030 1037 3084 totam
1087 3018 1458 3105 tragoediae
1486 3017 2013 3084 constitutionem
2057 3040 2264 3106 expo-

275 3124 462 3189 nenti
507 3124 827 3212 aptiffime
842 3165 847 3168 -
865 3133 1270 3210 congruant,
1358 3121 1509 3210 quis
1548 3119 1844 3209 dubitet,
1897 3122 2265 3210 prologum

275 3228 480 3293 huius
507 3250 765 3317 quoque
805 3227 972 3293 olim
1017 3226 1204 3293 suiss'e
1243 3224 1592 3310 dramatis,
1666 3222 1770 3294 sed
1803 3226 2052 3294 iniuria
2094 3238 2265 3294 tem·

277 3331 462 3422 poris
498 3332 894 3398 iamdudum
927 3321 1227 3419 periiss'e?
1278 3330 1392 3398 Ex
1424 3330 1779 3418 deperditis
1818 3329 2056 3398 fabulis
2086 3332 2266 3398 mul-

276 3447 508 3500 tarum
550 3436 743 3501 initia
786 3435 1164 3501 conservata
1203 3434 1559 3520 habemu83
1628 3436 1807 3506 unde
1843 3444 2058 3521 patet,
2117 3456 2265 3500 mo·

275 3560 424 3604 rem
467 3539 650 3606 hunc
695 3539 937 3627 ubique
986 3549 1051 3604 et
1104 3538 1472 3606 constanter
1522 3536 1789 3604 tenuiffe
1840 3537 2265 3625 Euripidem:

277 3644 657 3714 multarum
696 3642 891 3709 initia
937 3641 1107 3707 solus
1146 3639 1551 3709 conservavit
1590 3639 2095 3728 Aristophanes3
2145 3641 2267 3707 ubi

275 3744 700 3835 Aeschylum
762 3744 1021 3812 inducit
1077 3744 1471 3833 Euripideos
1523 3744 1829 3831 prologos
1878 3738 2270 3812 examinan-

278 3861 440 3918 tem.
539 3847 763 3934 Hinc‚
805 3849 1078 3938 opinor,
1127 3849 1324 3936 plane
1350 3846 1635 3931 constat,
1682 3868 1820 3915 non
1845 3859 2117 3935 temere,
2158 3848 2263 3913 sed

280 3966 460 4020 certo
496 3951 746 4019 iudicio
792 3952 922 4019 ho'o
969 3947 1283 4042 quicquid
1324 3949 1410 4017 est
1451 3950 1702 4041 peccati
1737 3951 1867 4020 'five
1908 3952 2147 4020 erroris
2190 3950 2263 4015 in

279 4060 344 4123 se
382 4055 696 4123 admiffll'e
741 4068 1027 4144 poetam.
1100 4047 1103 4054 ⁴
1159 4055 1376 4121 Semel
1416 4054 1491 4121 in
1548 4054 1628 4136 iia
1681 4055 1926 4122 fabulis
1965 4075 2131 4144 quae
2166 4050 2270 4118 su·

276 4160 552 4253 perfunt
577 4208 599 4248 ,
691 4160 1040 4251 Sophocles
1072 4182 1134 4248 :a
1188 4157 1651 4230 consuetudine
1705 4145 1820 4229 sua
1889 4161 1978 4230 ad
2044 4155 2277 4227 rivalis

2298 3040 2400 3082 101
