2952 5028
578 398 1343 455 onsnnvazzmonsss
1402 364 2017 463 n1⁸CBLLA130'
2099 395 2243 486 327

216 567 568 641 τοσοῦτον
608 568 652 655 ἢ
695 565 1081 663 κακεῖνον
1138 574 1208 655 ἐξ
1255 566 1621 643 ,Αἰθιόπων
1682 570 2085 664 ἕπανηγαγεν
2130 571 2247 671 ἆρ-

237 664 530 765 χόμενον
569 674 874 745 τοιοῦτον
916 670 1128 744 κακόν.
1215 679 1361 747 Aut
1390 681 1657 747 Reiekii
1690 682 2064 750 coniectum
2095 709 2242 752 am-

252 784 624 869 plectenda,
708 793 825 846 aut
894 783 1279 869 legendum:
1364 779 1453 860 εἰς
1521 778 1843 852 τοσοῦτον
1911 782 2239 877 ἤλασεν,

248 882 342 951 ὃν
392 883 478 964 ἐξ.
1625 890 1642 915 ‘

397 989 470 1054 Ρ.
502 986 665 1053 414.
708 989 820 1054 23.
882 977 924 1054 ὁ
967 987 1036 1053 δὲ
1080 981 1343 1078 ὥςπερ
1384 978 1723 1075 ’βουλήν
1781 981 2048 1076 ἐχούσης
2097 991 2240 1056 ἔπι-

243 1082 657 1176 λαμβάνεται
697 1085 809 1168 τῆς
858 1088 1070 1178 δίκης,
1124 1089 1237 1157 καὶ
1281 1082 1359 1175 ἦν
1408 1090 1493 1160 ἄν
1536 1114 1701 1186 φησι
1745 1096 1859 1158 καὶ
1910 1088 2238 1179 μαστιγῶ-

245 1213 362 1257 σαι
413 1196 523 1258 καὶ
579 1189 798 1275 δῆσαι.
911 1196 1048 1261 Ser.
1046 1219 1178 1278 ως
1230 1188 1714 1286 ὑπερβολήν
1764 1189 2042 1283 ἐχούσης.
2087 1200 2236 1286 qui·-

242 1296 365 1361 bus
397 1297 605 1363 velbis
645 1298 992 1386 respicitur
1040 1272 1284 1366 Iocus
1263 1326 1334 1366 ln
1373 1300 1493 1367 Or.
1520 1300 1819 1412 Neptuni
1848 1322 1912 1389 p.
1956 1302 2121 1368 406.
2170 1303 2231 1367 8.

246 1387 293 1465 ὅ
328 1400 398 1466 ἐν
446 1395 535 1491 τῷ
579 1390 888 1468 ἀπαιτεῖν
934 1401 1250 1490 τιμωρίαν
1313 1395 1507 1489 ἐκβας
1562 1396 1640 1470 τό
1687 1408 1955 1492 μέτρον,
2023 1395 2242 1471 οἷδικεῖ

242 1498 334 1595 τῷ
377 1504 666 1590 πλέον,
645 1530 687 1570 1.
719 1530 769 1573 e.
810 1499 888 1596 τῇ
927 1498 1277 1598 υπερβολῇ.

396 1610 477 1675 Ρ.
502 1609 668 1677 438.
703 1614 766 1678 5.
816 1604 876 1673 εἰ
915 1604 982 1673 δὲ
1030 1600 1196 1697 πρός
1245 1599 1604 1674 ἅκολασίαν
1642 1600 1880 1697 ὁρῶσι,
1923 1614 2034 1675 καὶ
2077 1634 2230 1689 τους

238 1701 586 1799 ημετὲρους
634 1736 715 1777 ου
768 1711 1138 1800 προςίενται
1183 1702 1425 1803 λογους.
1510 1712 1807 1797 Quidam
1839 1711 2033 1778 libri:
2073 1705 2229 1791 τούς

235 1819 355 1932 μὲν
395 1813 664 1904 ἑτέρους.
766 1815 901 1881 Scr.
946 1806 1098 1893 τούς
1147 1814 1468 1905 μετρίους.
1574 1818 1783 1906 Apud
1832 1815 2225 1882 Lesbonact.

235 1917 310 1982 in
338 1918 607 1986 Olator.
641 1920 760 1985 G1.
792 1919 876 1984 T.
909 1919 1090 1988 VIII.
1124 1944 1188 2008 p.
1227 1942 1339 1985 22.
1392 1923 1502 1984 καὶ
1547 1910 1624 1986 τό
1671 1910 1920 2004 ἆξίωμα
1951 1913 2077 1986 τῶν
2107 1943 2228 1985 πο-

235 2021 473 2107 λεμίων
520 2014 919 2142 ὑμέτερον
961 2014 1049 2087 δι’
1095 2015 1259 2106 ὑιιᾶς
1304 2020 1581 2108 ἔχουσιν.
1632 2025 1982 2110 legendum
2012 2022 2229 2088 existi-

236 2147 383 2191 mo:
438 2123 477 2191 ὃ
514 2128 781 2212 μέτριον
832 2115 919 2189 δι
966 2118 1136 2210 ὑμας
1170 2124 1446 2213 ἔχουσιν.
1552 2127 1800 2193 Contra
1834 2149 1938 2239 ap.
1978 2125 2224 2191 Liban.

236 2230 319 2296 T.
357 2228 477 2294 IV.
510 2252 574 2318 p.
612 2230 779 2317 890.
823 2251 929 2292 11.
983 2224 1046 2293 εἰ
1086 2228 1153 2291 δὲ
1210 2219 1286 2294 τό
1338 2222 1665 2318 σκῆπτρον
1709 2220 1963 2295 αὐτόν
2010 2230 2226 2308 ἑποίη·

234 2354 308 2398 σε
335 2323 788 2421 μετριώτερον.
867 2332 1005 2396 Scr.
1036 2321 1197 2396 αὗτό
1227 2333 1327 2397 ἐπ.
1360 2324 1770 2422 σεμνότερον.
1822 2333 1868 2398 fi
1896 2331 2224 2422 sceptrum

232 2436 452 2528 ipsum
491 2433 861 2500 leddidiss'et
893 2434 1450 2507 venerabiliorem.

380 2543 453 2607 Ρ.
491 2540 654 2630 470.
694 2543 755 2607 5.
807 2529 951 2604 αλλ’
993 2561 1074 2619 ην
1119 2530 1360 2623 ὁμοίως
1412 2532 1633 2606 ἅπασι
1668 2528 1897 2624 γλυκυς
1946 2530 1985 2611 ὁ
2033 2529 2225 2606 πόλε-

229 2666 372 2729 μσς.
435 2614 1270 2728 Marg.M01-ell.yzvxfiwv.
1324 2645 1502 2710 unde
1530 2667 1646 2709 eol
1647 2644 2025 2731 rigeudum:
2075 2643 2224 2727 γλυ-

231 2736 341 2823 κυς
391 2740 478 2812 ὢν
534 2739 572 2814 ὁ
625 2739 772 2812 πόλ.
838 2769 1042 2836 quam
1088 2747 1502 2835 peliphrafin
1544 2747 1897 2815 illustravit
1938 2746 2224 2813 Dorvill.

231 2851 314 2916 ad
343 2848 539 2916 Char.
583 2874 648 2938 p.
692 2854 854 2940 295.
920 2843 1123 2939 Boff
1164 2853 1249 2916 ad
1296 2852 1471 2916 Phil.
1505 2873 1569 2938 p.
1614 2851 1781 2918 660.
1863 2848 2109 2912 Iterum
2154 2870 2223 2935 Ρ.

240 2955 554 3046 761.11.
617 2978 703 3022 ex
735 2955 896 3021 Cod.
940 2955 1175 3021 Bavar.
1216 2945 1382 3041 ὅπερ
1432 2942 1516 3032 ἦν
1559 3000 1578 3019 .
1620 2999 1636 3015 .
1673 3000 1689 3018 .
1747 2946 1825 3018 ὄν
1888 2948 2226 3016 restituen-

231 3061 415 3124 dum.

381 3163 457 3226 P.
495 3160 662 3226 481.
706 3179 820 3225 20.
882 3154 1065 3248 ᾔδειν
1112 3180 1241 3246 γαρ
1291 3147 1374 3235 ὥς
1426 3146 1469 3236 ἦ
1527 3146 1720 3234 πόλις
1766 3149 1893 3222 τῶν
1940 3160 2058 3241 μὲν
2099 3178 2224 3222 που

232 3261 469 3347 λεμίων
509 3261 809 3350 κρείττων
836 3258 1000 3325 ἐστί
1047 3250 1137 3325 δι’
1161 3252 1250 3325 ὧν
1276 3260 1345 3325 δέ
1385 3254 1655 3326 οἰκεῖται
1694 3252 1926 3344 νόμων,
1976 3249 2221 3325 τούτων

232 3356 345 3432 οὐκ
384 3355 737 3450 αγανακτεῐ
772 3365 1187 3446 κινουμένων·
1252 3353 1358 3428 διὸ
1414 3361 1523 3427 δεῖ
1570 3385 1755 3452 νικαν
1813 3352 1967 3437 τους
2027 3361 2220 3426 πολε·
2261 3395 2268 3402 ·

228 3467 415 3555 μίους
456 3459 567 3534 οὐκ
604 3469 671 3533 εν
698 3491 789 3554 τω
816 3457 1238 3552 απελαύνειν,
1268 3460 1358 3557 τῶ
1397 3466 1465 3530 δὲ
1505 3456 1656 3543 τούς
1691 3457 1929 3549 νόμους
1955 3455 2216 3550 ισχὺειν.

228 3574 413 3640 Haec
447 3595 582 3637 non
614 3573 996 3655 cohaelent3
1046 3571 1373 3659 quaedam
1403 3568 1670 3658 prorsus
1716 3568 1868 3634 sunt
1911 3567 2213 3633 absurda.

230 3676 480 3744 Omnia
530 3676 688 3742 bene
724 3676 1080 3764 procedent
1133 3674 1216 3740 fic
1264 3676 1465 3741 lecta:
1533 3664 1575 3753 ἦ
1639 3663 1836 3749 πόλις
1900 3666 2026 3737 τῶν
2100 3676 2220 3755 μέν

230 3778 555 3865 πολεμίων
602 3776 909 3868 κρείττων
972 3777 1112 3843 ἐστὶ
1167 3766 1256 3842 δι’
1310 3768 1399 3844 ὧν
1459 3775 1927 3843 διοικεῖται
1978 3764 2215 3860 νόμων,

231 3876 544 3950 τούτων
579 3883 622 3948 δ
633 3887 663 3949 ὲ
676 3893 681 3900 ’
710 3871 1060 3948 ἆτακτεῖ
1085 3881 1479 3966 κινουμένων.
1534 3901 1848 3947 noveram
1874 3878 2218 3945 civitatem

230 3987 517 4073 legibuS,
569 3987 807 4078 quibus
834 3985 1087 4073 regitur
1103 4034 1123 4072 ,
1173 3983 1570 4075 superiorem
1602 3984 1723 4052 effe
1755 3983 2079 4065 h‘ostibuS,
2135 3979 2221 4043 il-

231 4088 316 4157 lis
347 4100 572 4155 autem
614 4089 818 4162 motis
853 4101 919 4157 et
952 4089 1269 4159 convulfie
1302 4089 1647 4159 civitatem
1685 4101 1948 4178 quoque
1990 4082 2222 4149 turba-
