2952 5028
680 380 827 447 284
1437 390 1922 444 Art-munz.

671 568 913 635 dubio:
958 555 1038 632 τὸ
1077 564 1146 630 δὲ
1183 552 1326 650 οὗχὶ
1372 553 1684 640 τοιούτως
1725 559 1876 650 ἔχει.
1976 563 2047 629 N
2050 584 2139 627 on
2166 563 2389 629 minus
2433 563 2675 650 depra-

669 685 822 738 vata
853 670 1001 735 sunt
1035 668 1233 736 velba
1266 691 1369 756 ap.
1394 669 1589 733 eund.
1620 667 1702 731 Τ.
1724 666 1845 733 lv.
1880 689 1943 754 p.
1982 667 2153 756 869.
2195 688 2305 732 22.
2357 668 2421 733 τί
2476 666 2547 730 δὲ
2572 654 2672 749 μή

669 767 1012 862 λαμπρόν,
1070 771 1136 837 τί
1180 773 1250 837 δὲ
1290 764 1453 849 ὅλως
1495 764 1621 836 τῶν
1678 759 1758 835 οὐ
1802 762 2160 854 βελτιόνων
2196 771 2407 854 ἐστίν,
2472 758 2525 858 ᾧ
2575 756 2673 852 μή

668 874 864 943 τοῦτο
936 867 1413 954 κεκοινώνηκεν·
1399 923 1418 952 ,
1493 877 1594 941 De
1635 896 1844 963 puero
1890 873 2129 939 litteris
2162 873 2325 940 bene
2370 834 2672 938 instituto

668 982 954 1066 agitur.
1011 980 1147 1045 Ser.
1179 984 1241 1044 τί
1282 980 1349 1042 δὲ
1399 966 1492 1057 δὴ
1536 968 1860 1066 λαμπρόν,
1907 976 1972 1042 τί
2020 978 2090 1042 δὲ
2129 971 2294 1054 ὅλως
2328 972 2454 1042 τῶν
2485 977 2671 1060 βελτ.

663 1085 857 1168 ἐστιν,
913 1073 966 1175 ᾧ
1006 1107 1099 1166 μη
1147 1077 1552 1158 τοιοῦτος
1592 1074 2072 1167 κεκοινώνηκενε,
2121 1081 2439 1146 Similiter
2467 1080 2668 1145 Tom.

665 1187 776 1253 ΙΙΙ.
827 1211 891 1274 Ρ.
930 1187 1094 1252 203.
1133 1206 1248 1250 22.
1293 1175 1480 1267 οἶμαι
1524 1180 1591 1248 δὲ
1631 1184 1740 1249 καὶ
1790 1187 1938 1272 περὶ
1985 1207 2101 1251 τον
2139 1180 2443 1251 Οὸυσσέα
2485 1186 2669 1248 τουτὶ

662 1292 1002 1375 γενέσθαι.
1066 1287 1481 1354 scribendum
1511 1288 1803 1353 videtur:
1863 1280 2131 1355 τοιοῦτό
2171 1312 2240 1354 τι
2280 1289 2619 1375 γενέσθαι.

813 1394 1144 1458 Prometlz.
1175 1381 1225 1477 ᾗ.
1252 1411 1311 1456 2.
1355 1392 1433 1457 Τ.
1458 1391 1506 1454 Ι.
1533 1414 1599 1480 Ρ.
1627 1411 1736 1457 20.
1783 1393 1891 1453 καὶ
1921 1384 2153 1479 μικρόν
2183 1415 2284 1467 τις
2321 1392 2584 1456 λίθον
2551 1414 2667 1454 ειι-

662 1485 904 1580 (qam,
957 1494 1371 1586 συντρίψειεν
1397 1485 1682 1563 ἅπαντα.
1753 1494 1888 1558 Scr.
1923 1515 2137 1582 συντρ.
2170 1489 2255 1558 ἂν
2283 1488 2571 1559 ἅπαντα.
2591 1486 2667 1582 *)

662 1633 768 1646 -—--
830 1599 922 1662 lb.
963 1587 1014 1683 ᾗ.
1049 1601 1109 1662 4.
1159 1622 1224 1687 Ρ.
1265 1619 1377 1664 22.
1429 1602 1539 1664 καὶ
1591 1588 1706 1663 τόν
1748 1593 2113 1685 ἄνθρωπον
2155 1588 2371 1665 ουκὲτι
2407 1590 2525 1662 ὅιοὶ
2565 1621 2666 1662 τι-

661 1696 787 1788 μῆς
826 1723 981 1786 ηγεν
1026 1692 1110 1779 ὠς
1152 1725 1282 1788 προ
1327 1697 1461 1768 τοὺ.
1564 1698 1821 1767 Vitiosa
1855 1704 2008 1766 haec
2037 1701 2189 1786 effe,
2233 1725 2321 1769 ex
2344 1701 2665 1789 sequenti-

661 1805 787 1869 bus
827 1806 1087 1871 abunde
1119 1816 1415 1893 apparet.
1519 1803 1791 1868 Excidit
1832 1805 1999 1870 olim
2043 1805 2383 1889 correcti0‚
2434 1809 2546 1869 καὶ
2583 1828 2662 1870 το

661 1904 1009 1999 ἄμορφον;
1093 1931 1271 1974 nuno
1311 1909 1529 1974 verius
1587 1907 1878 1974 videtur:
1956 1912 2069 1973 καὶ
2129 1901 2207 1977 τό
2272 1900 2655 1974 αλλοκοτον.

661 2013 899 2079 Noster
934 2012 1015 2077 Τ.
1048 2011 1166 2081 IV.
1199 2035 1261 2100 Ρ.
1299 2034 1415 2101 97.
1458 2012 1538 2076 de
1569 2011 1812 2078 talibus
1842 2011 2172 2077 monstris:
2225 2006 2343 2077 δια
2393 2035 2470 2077 το
2510 2011 2661 2091 ξένα

658 2118 769 2180 καὶ
813 2107 1137 2183 αλλόκοτα
1182 2105 1367 2181 εἶναι.
1471 2115 1561 2179 Ib.
1593 2137 1657 2202 p.
1699 2139 1718 2178 ι
1743 2135 1854 2203 27.
1899 2114 2013 2180 καί
2051 2140 2116 2182 τι
2158 2106 2517 2181 αλλόκοτον
2545 2137 2662 2181 και

658 2217 836 2300 ξένον
878 2220 1247 2300 επινοησας.
1349 2218 1611 2285 T.V11.
1642 2242 1705 2306 p.
1747 2223 1912 2287 250.
1954 2210 2127 2284 πάνυ
2173 2210 2500 2285 αλλόκοτα
2545 2220 2663 2281 καὶ.

657 2314 976 2409 τεράστια
1027 2323 1337 2406 μυθίδια.
1490 2323 1789 2415 Themss.
1835 2347 1898 2411 p.
1930 2324 2096 2389 243.
2139 2324 2224 2389 A.
2287 2316 2365 2388 τό
2423 2316 2663 2388 καινόν

659 2428 766 2487 καὶ
819 2416 900 2489 τό
950 2416 1327 2491 ἀλλόκοτον.
1441 2426 1536 2492 Id.
1567 2448 1629 2513 p.
1664 2428 1706 2491 3
1731 2452 1745 2488 ι
1772 2449 1831 2491 2.
1867 2427 1938 2491 C.
2006 2419 2082 2493 τό
2134 2418 2484 2514 τεράστιον
2510 2502 2515 2509 ρ
2545 2428 2662 2489 καὶ

655 2518 736 2592 τό
782 2517 1163 2593 ἁλλόκοτον.
1265 2528 1753 2616 Saepenumero
1804 2553 1938 2598 vox
1973 2528 2327 2620 ἅνθρωπος
2369 2530 2440 2595 in
2480 2530 2659 2595 fimi-

655 2630 832 2696 Iium
871 2630 1353 2697 vocabulorum
1395 2634 1619 2699 locum
1667 2632 1963 2700 sueceffit.
2072 2639 2168 2701 De
2210 2634 2513 2723 pluribus
2559 2637 2658 2703 lo-

658 2734 781 2820 cis,
833 2756 1124 2822 quorum
1160 2736 1476 2803 correctio
1525 2759 1609 2801 ex
1650 2739 1777 2803 hoc
1814 2738 1999 2804 fonte
2047 2738 2313 2804 videtur
2349 2740 2656 2826 petenda,

655 2839 792 2905 duo
830 2839 1365 2910 commemorabo
1411 2840 1766 2931 Tlaemzstii.
1866 2842 2073 2908 Alte-r
2102 2842 2236 2910 est
2218 2868 2288 2907 m
2319 2841 2435 2907 Or.
2464 2842 2655 2908 XIII.

634 2965 717 3031 Ρ.
763 2966 786 3006 1
808 2946 922 3033 75.
965 2945 1052 3009 A.
1092 2946 1214 3007 καὶ
1269 2933 1414 3009 ουδὲ
1488 2947 1561 3012 αἱ
1619 2937 1835 3021 νύκτες
1892 2936 2068 3039 αυτ-ὦ
2141 2948 2474 3012 σκοτειναὶ
2540 2950 2659 3011 καὶ

654 3036 951 3135 (ἔφεγγεῖς
996 3040 1040 3084 *⁷
1066 3050 1201 3123 τοῖς
1245 3011 2196 3135 ἁνθρώποις.1ῑ“οι·ῑειίῐ’θώς
2239 3052 2383 3125 τοῖς
2405 3046 2655 3126 ἄλλοις.

654 3155 933 3231 Excidit
984 3156 1067 3246 ὦς
1121 3165 1259 3254 post
1308 3168 1542 3237 fimiles
1595 3170 1850 3236 litteras
1901 3195 2009 3248 εις.
2150 3168 2346 3239 Alter
2395 3169 2484 3235 est
2529 3170 2653 3237 Or.

655 3268 980 3344 XXVIII.
1013 3293 1079 3357 p.
1119 3271 1285 3338 341.
1318 3274 1400 3338 D.
1444 3275 1557 3335 καὶ
1596 3267 1895 3338 ἐνταῦθα
1932 3270 2135 3353 πλείη·
2164 3280 2281 3356 μὲν
2320 3280 2478 3360 γαῖα
2505 3266 2656 3339 τοὺ-

618 3439 622 3448 ,
656 3394 783 3437 των
821 3368 946 3439 τῶν
983 3363 1385 3460 ἄνθρώπων,
1432 3373 1624 3455 πλείη
1667 3374 1736 3439 δὲ
1766 3369 2105 3442 θάλασσα.
2168 3378 2284 3442 ubi
2313 3377 2520 3443 sensus
2548 3379 2655 3443 fo-

654 3486 790 3560 ret,
839 3488 1084 3542 terram
1125 3474 1244 3541 effe
1284 3479 1551 3565 plenam
1600 3467 1954 3545 hominum
1992 3481 2419 3547 laudantium
2456 3493 2521 3544 et
2552 3481 2654 3548 sa-

613 3607 618 3612 ·
655 3579 1053 3660 lutantium3
1106 3582 1280 3670 quod
1331 3604 1369 3645 a
1411 3582 1753 3672 Themistii
1794 3596 2010 3649 mente
2054 3583 2367 3654 alienum.
2474 3585 2655 3651 Scri-

637 3681 947 3748 bendum
979 3683 1275 3750 videtur:
1322 3679 1566 3751 τούτων
1608 3683 1732 3752 τῶν
1774 3677 2100 3778 ᾀσμάτων.

808 3786 1172 3875 Mgrinm.
1236 3778 1292 3874 ᾗ.
1339 3789 1447 3860 16.
1490 3788 1571 3855 T.
1603 3790 1650 3859 I.
1692 3813 1756 3879 Ρ.
1803 3791 1917 3855 41.
1990 3791 2455 3877 συνειςέρχεται
2516 3782 2656 3884 γάρ

652 3909 951 3976 μοιχεία,
1007 3895 1116 3956 καὶ
1154 3894 1581 3983 φιλαργυρία,
1638 3896 1746 3958 καὶ
1790 3894 2122 3981 ἐπιορκία,
2167 3897 2278 3957 καὶ
2316 3893 2396 3962 τό
2428 3895 2655 3963 τοιοῦ-

653 4017 731 4062 το
771 3990 981 4084 φῦλον
1014 3993 1158 4062 ’τῶν
1180 3986 1437 4075 ἡδονῶν.
1545 3996 1623 4062 In
1649 3998 1991 4065 noviffima
2026 4020 2179 4066 voce
2209 4021 2403 4065 nemo
2435 4001 2658 4067 haefit

787 4186 833 4252 ⁴¹)
872 4184 1103 4256 Fortasse
1141 4184 1319 4244 lenius
1356 4188 1449 4244 κᾶν
1485 4191 1671 4260 μικρόν
1697 4220 1793 4248 -.
1865 4193 1938 4247 G.
1975 4192 2049 4246 H.
2089 4191 2393 4248 Semnan.
