2952 5028
746 366 847 446 34
1267 381 1870 435 cesanum-mnas
1927 381 2104 433 um
2109 383 2231 432 Ar.

1080 543 1379 642 Κρυερὸν
1434 578 1565 644 γαρ
1614 543 1730 622 οὐκ
1778 547 1967 635 ἤλυξε
2018 542 2258 639 μόρον·

1077 646 1290 725 Ὠκιῐα
1334 657 1406 723 δέ
1448 680 1556 725 νιν
1602 648 1774 750 φλὸξ
1814 638 2294 737 κατεδαισατο,

1077 756 1295 830 Δαλοῦ
1341 763 1766 849 περθομένου

1084 854 1364 954 Ματρος
1401 856 1512 929 ὑπ’
1558 856 1885 940 Ἀλθαίας
1926 847 2396 945 κακομηχάνου.

638 977 722 1057 39
747 969 930 1035 Tam
959 976 1269 1056 apertum
1299 967 1545 1034 vitium
1575 964 1937 1057 Sylburgio
1964 962 2219 1030 latuill'e
2263 964 2506 1031 miror·
2491 1014 2510 1053 ,
2567 964 2748 1032 Dor·

708 1146 715 1157 ,
747 1073 938 1142 villio
969 1069 1225 1137 latuiss‘e
1264 1094 1402 1137 non
1442 1070 1675 1138 mirol.
1793 1064 2003 1135 Porro
2048 1068 2362 1139 monendi
2410 1068 2582 1155 effla,
2652 1071 2747 1135 le-

749 1189 998 1262 ctores,
1048 1175 1094 1240 fi
1122 1176 1238 1264 qui
1262 1176 1437 1242 forte
1464 1194 1774 1243 mearum
1806 1172 2214 1261 ineptiarum
2243 1173 2512 1238 lectores
2540 1174 2749 1260 eritis,

747 1281 824 1348 in
877 1279 1121 1345 ultimo
1160 1278 1386 1366 versu,
1449 1291 1601 1345 tum
1654 1275 1854 1343 metri
1898 1288 2048 1340 tum
2088 1274 2306 1340 sensus
2344 1274 2551 1362 iussu,
2620 1299 2749 1365 pro

751 1378 902 1460 αἰιῖς
930 1382 1274 1472 reposuisse
1302 1406 1415 1448 me
1435 1375 1775 1458 Ἀλθαίας.
1833 1380 2125 1467 Scaliger
2153 1378 2355 1445 etiam
2388 1379 2472 1444 ad
2501 1379 2746 1446 Manil.

748 1488 838 1556 V.
883 1491 1044 1577 178.
1081 1487 1222 1552 etl.
1248 1488 1354 1554 Fr.
1381 1485 1763 1554 Gronovius
1792 1482 1946 1551 Obs.
1976 1482 2058 1547 Π.
2107 1505 2214 1547 ιι.
2244 1508 2307 1574 Ρ.
2336 1483 2499 1577 993.
2529 1484 2754 1550 Πλευ-

755 1585 928 1681 ρῶνι.
968 1588 1073 1656 sed
1106 1577 1289 1657 recte
1313 1590 1640 1679 Scaliger,
1697 1579 2035 1663 Ἀλθαίας.
2139 1586 2217 1652 In
2266 1586 2751 1676 Melanippidis

750 1694 1129 1781 fragmento
1181 1695 1365 1782 apud
1422 1695 1854 1763 Athenaeum
1892 1689 2091 1758 XIV
2137 1712 2200 1776 Ρ.
2250 1691 2419 1758 651.
2455 1691 2530 1759 F.
2602 1692 2752 1777 lege

750 1784 1008 1884 θήραις
1050 1818 1176 1884 pro
1206 1791 1432 1886 θῆρες.
1546 1796 1960 1863 Pherecrates
2005 1794 2184 1882 apud
2217 1796 2468 1860 Polluc.
2498 1794 2577 1859 II.
2633 1793 2750 1859 48.

758 1889 916 1970 0υὸ
995 1888 1652 1988 αποπροσωπίζισθε
1712 1891 2003 1984 κυάμοις.
2134 1894 2475 1984 Vulgatur
2517 1908 2667 1962 cont
2671 1919 2750 1963 ra

751 2016 1083 2086 metrum,
1150 1992 1292 2067 οἷπό
1338 2000 1909 2089 προσωπίζεσθαι.
2010 1998 2342 2067 Cratinus
2351 1990 2611 2086 Νόμοις
2653 2000 2754 2066 ci·

752 2117 933 2171 tatus
972 2129 1013 2171 a
1041 2106 1508 2173 Grammatico
1540 2108 1720 2196 apud
1749 2098 2237 2175 Ruhnkenium
2277 2105 2363 2172 ad
2390 2105 2750 2171 Timaeum

751 2233 818 2299 p.
862 2232 888 2273 1
908 2230 944 2274 2
965 2233 1022 2273 1.
1058 2210 1157 2274 ed.
1187 2208 1304 2275 sec.
1352 2199 1487 2275 Οὔκ
1529 2200 1927 2298 οἷπερῥησεις
1973 2229 2057 2273 συ
2105 2202 2404 2297 ὕδει-τως
2455 2199 2753 2276 αποτιλῶ

756 2333 834 2380 σε
874 2301 1176 2400 τήμερον.
1291 2313 1495 2394 Quod
1544 2314 1757 2379 miror
1808 2313 2035 2380 virum
2086 2310 2563 2398 sagaciffimum
2612 2335 2754 2379 nou

755 2414 1002 2483 vidiffe.
1100 2413 1324 2481 Verba
1354 2413 1508 2480 sunt
1541 2416 1817 2482 alicuius
1855 2416 1935 2479 ad
1973 2415 2227 2500 gallum
2258 2416 2383 2484 five
2409 2417 2749 2502 gallinam.

756 2520 1039 2587 Editum
1095 2518 1259 2585 olim
1302 2519 1377 2594 in
1426 2519 1784 2605 Strabone,
1854 2508 2182 2605 ἧκὺρωται
2249 2516 2412 2585 ὄντα
2478 2521 2748 2605 ἐλεγεῖα,

755 2622 1050 2689 mutavit
1103 2622 1529 2689 casaubonus
1581 2622 1763 2693 VIII.
1818 2645 1884 2710 p.
1928 2625 2096 2713 557.
2139 2622 2228 2687 A.
2263 2622 2470 2704 (362.
2500 2623 2604 2703 C.)
2674 2623 2751 2690 in

751 2717 1077 2815 ἧκύρωται
1129 2716 1214 2791 τοὶ
1273 2725 1534 2811 ἐλεγεῖα.
1647 2726 2034 2812 Lege-ndum
2086 2736 2229 2790 erat
2243 2771 2263 2809 ,
2326 2718 2491 2792 ὥστε
2538 2721 2753 2794 ταῦτα

757 2821 1112 2949 ᾰκυρωτέον
1151 2820 1234 2894 τοὶ
1274 2829 1517 2912 ἐλεγεῖα
1533 2876 1555 2913 ,
1620 2824 1662 2905 ἢ
1706 2821 2053 2919 Φιλοχόρω
2089 2817 2513 2910 ἀπιστητέον.
2595 2831 2753 2898 Sae-

757 2956 842 3023 pe
882 2934 957 2999 in
994 2931 1377 2997 fabularum
1420 2932 1638 2998 titulis
1676 2932 1839 3020 lapfi
1879 2930 2033 2997 sunt
2071 2931 2351 2999 librarii.
2466 2933 2754 3022 Etymo·

757 3039 945 3124 logus
974 3036 1071 3102 Μ.
1116 3059 1182 3124 Ρ.
1221 3039 1391 3121 550,
1445 3036 1554 3116 14.
1626 3024 1998 3124 Νικοχαρης
2038 3033 2336 3124 Λημνία·
2416 3037 2751 3124 ἐπλέομεν,

682 3193 687 3200 .
758 3163 810 3203 ω
852 3131 1063 3228 κόρη,
1094 3139 1204 3204 ἐπὶ
1241 3133 1376 3217 miae.
1480 3140 1685 3205 Recte
1723 3137 1885 3225 legit
1911 3140 2192 3223 πλέομεν
2223 3127 2754 3207 Hemsterhufius

759 3243 843 3307 ad
882 3240 1222 3329 A1istoph.
1272 3243 1453 3308 Plut.
1506 3266 1571 3332 Ρ.
1605 3247 1723 3333 57.
1805 3242 1932 3309 Sed
1982 3264 2140 3308 cum
2186 3242 2389 3308 huius
2432 3246 2756 3312 dramatis

758 3368 1005 3410 nomen
1032 3366 1069 3409 a
1108 3346 1339 3411 ceteris
1365 3346 1684 3436 semper
1662 3371 1735 3412 ln
1771 3347 2017 3435 plurali
2056 3345 2366 3414 laudetur
2385 3395 2406 3434 ,
2468 3372 2555 3414 ne
2584 3348 2755 3415 solus

753 3446 1201 3536 Etymologus
1241 3448 1608 3537 diffentiat,
1677 3450 1917 3538 scribe,
1988 3441 2359 3540 Νικοχάρης
2389 3455 2757 3522 AHMNI-

756 3552 951 3620 ΑΙΣ·
1004 3551 1508 3639 ΠΛΕΟΜΕΝ,
1566 3544 1852 3642 ὦκόρη,
1908 3545 2049 3620 Ἐπὶ
2088 3549 2225 3631 κῶς.
2341 3554 2523 3619 Idem
2567 3579 2753 3623 error
2791 3569 2804 3582 ‘

757 3655 834 3720 in
862 3654 1173 3722 Alexidis
1202 3655 1467 3733 fabulae
1495 3656 1694 3724 titulo
1724 3659 1904 3746 apud
1936 3656 2190 3724 Polluc.
2217 3656 2300 3723 X.
2355 3680 2381 3722 1
2398 3678 2517 3727 00.
2601 3658 2753 3728 Vix

756 3757 887 3823 dici
918 3758 1152 3846 potest,
1207 3771 1367 3849 quot
1404 3772 1707 3830 veterum
1734 3763 1876 3827 loca
1903 3759 2273 3849 corruperit
2311 3761 2660 3830 literarum
2705 3764 2758 3833 Ε.

684 3875 689 3882 ·
754 3872 824 3926 et
875 3862 935 3927 0
973 3851 1347 3928 fimilitudoss
1463 3863 1675 3952 Apud
1729 3864 2203 3933 Montefalcon.
2234 3865 2442 3932 ‘Dian
2495 3865 2646 3933 Ital.
2685 3890 2755 3956 p.

757 3963 923 4031 495.
969 3963 1463 4033 ΜΑΧΛΤΑΟ
1498 3963 1647 4051 [Ε]
1702 3967 2031 4038 HOHce
2074 3966 2272 4033 scribi
2313 3966 2624 4055 debebat,
2674 3983 2756 4039 ut

746 4079 919 4135 recte
955 4066 1132 4136 infra
1175 4067 1497 4156 scriptum
1538 4070 1646 4137 est.
1748 4070 2126 4150 Herodotus
2153 4070 2307 4140 VII.
2361 4072 2477 4166 49.
2505 4074 2754 4164 scripsit

741 4170 1027 4268 κομίεαι,
1061 4172 1240 4263 quod
1282 4170 1487 4241 habet
1516 4174 1860 4268 Stobaeu22
1897 4196 2163 4266 quoque
2194 4176 2510 4247 alludunt
2534 4178 2746 4249 vind.
