2952 5028
948 444 1043 492 m
1124 433 2300 497 nun1r1mua25

311 604 464 678 dem
494 623 876 679 mereantur
893 659 913 697 ,
957 613 1356 702 designarem
1371 657 1395 691 ,
1456 612 1698 680 melior
1728 611 1875 679 ess'et
1910 636 2058 702 pars
2104 617 2301 683 totius

308 710 705 835 recitanda3
740 719 919 804 quod
952 716 1101 782 ess'et
1142 718 1278 782 otio
1324 716 1530 784 vestro
1547 762 1566 801 ,
1638 718 1967 781 auditores
1981 766 2001 803 ,
2069 731 2137 783 et
2180 743 2301 811 pa-

306 819 538 886 tientia
593 820 799 885 nimis
851 819 1070 885 secuie
1131 820 1335 886 abuti.
1470 819 1710 908 Operis
1761 820 1970 907 igitur
2027 821 2299 911 aliquid,

307 925 485 1012 quod
536 923 802 992 brevius
862 900 1269 1008 absolvetur,
1357 924 1584 1011 potius
1628 924 1803 990 mihi
1849 923 2147 1010 sumam,
2223 936 2302 992 ut

307 1027 595 1093 defectus
633 1028 955 1116 quosdam
996 1039 1061 1091 et
1112 1029 1277 1093 vitia
1317 1039 1594 1094 enotem

364 1188 369 1193 -
462 1146 817 1235 Euripides
862 1147 1062 1213 etiam
1113 1147 1304 1215 vivus
1351 1169 1390 1211 a
1421 1146 1860 1236 popularibus
1901 1145 2032 1213 suis
2061 1147 2305 1237 impie-

306 1250 458 1315 tatis
484 1250 815 1340 suspectus
855 1249 1265 1338 habebatur,
1317 1263 1381 1316 et
1409 1250 1534 1316 five
1565 1251 1722 1337 hoc.-
1744 1251 1998 1317 crimen
2044 1274 2305 1336 verum,

306 1354 431 1421 five
462 1354 708 1420 falsum
737 1355 918 1442 ess'et,
978 1355 1206 1444 negari
1247 1378 1383 1421 non
1426 1354 1636 1442 potest
1655 1403 1675 1441 ,
1743 1378 1899 1421 eum
1950 1355 2303 1447 suspicioni

304 1458 598 1524 nimium
626 1460 759 1525 loci
797 1456 1077 1525 dediss'ess
1155 1460 1461 1525 Personas
1493 1459 1637 1525 suaa
1664 1458 2024 1549 saepiffime'
2048 1460 2306 1526 inducit

306 1573 539 1629 contra
570 1563 875 1630 Deorum
906 1562 1401 1652 providentiam
1435 1574 1501 1629 et
1553 1563 2028 1651 benignitatem
2079 1564 2304 1653 dispu-
2329 1593 2408 1657 27

305 1674 533 1733 tanteS.
633 1670 869 1756 Neque
903 1667 989 1732 est
1030 1670 1208 1756 quod
1237 1668 1384 1757 quis
1425 1667 1635 1752 dicat,
1697 1688 1852 1732 eum
1896 1691 2032 1733 non
2060 1691 2147 1734 ex
2186 1667 2362 1735 sua

304 1769 502 1858 ipfius
540 1769 854 1837 sententia
888 1771 1118 1859 loqui,
1182 1771 1284 1837 sed
1314 1772 1720 1838 dramaticae
1762 1771 2159 1861 proprietati
2199 1773 2307 1838 in-

304 1873 721 1963 servientem,
777 1876 1143 1964 impietatis
1188 1876 1463 1963 speciem
1506 1899 1664 1966 prae
1711 1875 1773 1941 se
1816 1875 2003 1942 ferre.
2109 1877 2302 1942 Adeo
2399 1884 2402 1887 ’

305 1978 486 2044 enim
541 1980 914 2068 frequenter
967 1981 1129 2043 tales
1183 1980 1526 2045 sententias
1585 1980 1877 2045 inculcat
1894 2028 1914 2066 3
1988 1990 2068 2044 ut
2110 1980 2305 2047 valde

303 2082 586 2147 verifimi
597 2084 653 2147 le
703 2083 859 2168 fiat,
939 2104 1095 2146 eum
1140 2105 1298 2147 cum
1343 2081 1711 2168 cupiditate
1749 2085 2039 2169 quadam
2082 2092 2149 2146 et
2188 2106 2307 2148 vo·-

304 2186 571 2272 luptate
596 2186 898 2249 Deorum
931 2183 1473 2247 criminationem
1505 2183 1849 2271 suscipere.
1959 2184 2071 2253 Ne
2109 2185 2306 2269 longe

306 2287 580 2370 abeam,
630 2285 704 2350 in
734 2287 864 2353 hac
894 2284 1036 2374 ipsa
1068 2287 1402 2374 tragoedia
1434 2285 1881 2375 Talthybius,
1919 2285 2135 2353 varias
2170 2287 2309 2355 He·-

305 2392 510 2457 cubae
545 2391 954 2456 calamitates
988 2402 1337 2478 reputans,
1387 2392 1760 2476 exclamat,
1804 2382 1898 2480 (v.
1940 2380 2155 2484 486.)

395 2500 481 2577 Ὦ
533 2501 688 2593 Ζεῦ,
744 2505 808 2578 τί
842 2507 1032 2599 λέξω;
1096 2500 1346 2600 πότερά
1396 2501 1459 2576 ‹5’
1510 2499 1906 2601 οἶνθρώπους
1949 2500 2153 2602 ὁρᾷνς

388 2608 501 2679 ’Ἠ
530 2604 731 2692 δόξαν
779 2608 988 2691 ἄλλως
1039 2605 1230 2693 τηνδε
1270 2608 1638 2696 κεκτῆσθαι
1679 2605 1896 2702 μάτην

423 2711 676 2802 Ψευδῆ,
729 2711 1086 2794 δοκοῦντας
1131 2709 1465 2803 δαιμόνων
1515 2709 1684 2784 εἶναι
1728 2719 1938 2803 γένος·
1924 2767 1943 2805 ,

308 2836 573 2902 Similia
630 2836 829 2902 habet
882 2836 1291 2932 Polyme-fior
1346 2839 1574 2936 primo
1626 2836 1943 2902 Hecubae
2013 2834 2307 2926 aspectu.

310 2934 394 3028 (v
435 2931 624 3031 944)

423 3052 747 3150 Φύρουσι
771 3050 830 3125 δ’
875 3083 1049 3125 αυτα
1095 3063 1259 3127 θεοὶ
1302 3052 1509 3125 πάλιν
1552 3085 1623 3126 τι·
1675 3061 1783 3125 καὶ
1823 3047 2084 3149 πρόσω,

424 3153 773 3252 Ταραγμὸν
813 3165 1216 3252 ἐπιθέντες,
1286 3155 1368 3241 ὥς
1405 3154 1694 3254 ἆγνωσίᾳ

415 3267 717 3352 Σέβωμεν
759 3256 1021 3344 αὐτούς.

314 3386 440 3451 Sed
471 3388 636 3453 haec
664 3387 835 3455 levia
867 3399 932 3453 et
965 3386 1336 3460 tolerabilia
1370 3385 1542 3471 sunt,
1582 3398 1820 3474 praeut
1848 3410 2014 3477 quae
2044 3388 2117 3455 in
2143 3400 2307 3455 cete-

313 3489 407 3556 ris
455 3489 876 3576 εἰη311111111113
914 3485 1126 3579 impie
1166 3491 1242 3556 111
1270 3490 1442 3557 Deos
1482 3490 1657 3556 dieta
1697 3492 1927 3578 paffim
1964 3494 2306 3581 reperiun-

314 3604 445 3658 tur.
564 3594 717 3660 Hac
760 3596 1065 3670 libertate
1107 3596 1266 3662 adeo
1303 3594 1494 3683 supe1
1494 3592 1765 3670 stitiol'os
1804 3593 2308 3668 Athenienfium

317 3699 573 3766 animos
600 3698 932 3785 irritavit,
989 3710 1067 3763 ut
1111 3699 1401 3766 Bacchas
1444 3721 1601 3763 eum
1638 3699 1767 3765 hoc
1808 3698 1939 3765 fine
1980 3698 2310 3790 scripfiss'e,

317 3824 481 3920 quo
496 3802 750 3870 crimen
786 3803 1058 3891 impieta
1068 3802 1145 3867 tis
1181 3825 1220 3870 a
1264 3801 1324 3870 se
1355 3802 1778 3889 amoliretur,
1838 3804 2082 3872 haud
2061 3821 2310 3873 1n1ur1a

317 3906 445 3973 viri
487 3906 664 3976 docti
710 3907 1083 3982 coniiciant.
1777 3981 1784 3988 ‚

467 4027 669 4093 Alius
698 4025 1039 4116 Euripidis
1080 4049 1223 4092 mos
1250 4025 1406 4111 fuit,
1454 4037 1536 4094 ut
1565 4028 1931 4095 mulierum
1959 4028 2124 4095 vitia
2158 4024 2312 4089 ubi-s

317 4150 442 4215 que
480 4128 846 4197 insectetur.
976 4131 1195 4197 Tanto
1239 4129 1511 4197 feminei
1554 4132 1804 4219 generis
1854 4131 2009 4197 odio
2044 4129 2307 4213 exarsit,

316 4243 395 4294 ut
423 4233 735 4299 leviffima
770 4255 1032 4322 quaque
1071 4234 1329 4319 oblata,
1392 4233 1583 4322 saepe
1620 4243 1685 4299 et
1720 4234 1994 4322 quaefita
2031 4231 2309 4296 occafio·

317 4357 437 4423 ne,
498 4336 574 4402 in
617 4327 1045 4405 atrociffim'as
1072 4337 1442 4407 calumnias
1458 4384 1482 4428 ,
1540 4337 1704 4428 quid
1727 4333 1866 4424 rea,
1936 4336 2098 4427 quid
2138 4347 2309 4405 tems·
