2952 5028
677 395 770 464 24
1384 404 1963 458 PRAELECTIO

781 577 943 651 Non
981 600 1134 644 mea
1172 600 1354 646 mors
1397 570 1498 642 illi
1516 623 1539 662 ,
1604 596 1842 642 verum
1872 568 2015 662 sua
2060 576 2207 642 vita
2250 574 2533 643 dolenda
2575 578 2677 667 est.

675 682 1055 775 Euripidis,
1101 674 1192 771 (v.
1229 703 1312 747 21
1336 704 1358 745 1
1377 673 1422 770 .)

975 789 1064 857 Σὲ
1105 790 1258 871 μὲν,
1301 775 1352 850 ὦ
1400 775 1613 872 μᾶτερ
1655 771 1930 847 δύστανε
1970 777 2164 866 βίου,

978 902 987 907 ’
1104 878 1312 957 Κλάω
1359 877 1796 975 πανοδύρτοις
1838 873 2153 971 θρηνοις·

997 979 1130 1059 Τόν
1170 979 1330 1073 ἐμόν
1373 987 1443 1057 δὲ
1485 988 1672 1074 βίον,
1715 978 1969 1072 λώβαν,
2018 979 2232 1072 λύμαν
2271 1012 2310 1054 τ
2344 1035 2367 1074 ,

985 1082 1078 1161 Οὗ
1124 1079 1604 1176 μετακλᾶομαι.
1666 1079 1836 1157 ἄλλα
1877 1090 2119 1156 θανεῖν
2159 1114 2282 1176 μοι

976 1190 1291 1281 Ξυντυχὶα
1339 1193 1646 1282 κρείσσων
1686 1182 2007 1282 ἐκύρησεν.

832 1295 959 1361 Sed
1009 1298 1086 1364 in
1129 1297 1261 1366 hac
1320 1298 1554 1365 fabula
1602 1297 1855 1385 optime
1913 1295 2049 1373 sere
2104 1278 2414 1363 omnium
2462 1303 2683 1382 partes

681 1396 829 1465 suas
869 1408 1100 1468 tuetur
1152 1403 1428 1489 chorus3
1514 1401 1615 1467 ita
1663 1399 1983 1489 quicquid
2038 1398 2253 1485 canit,
2335 1401 2421 1464 ad
2464 1421 2565 1464 res
2619 1407 2688 1463 et

679 1500 982 1590 personas
1028 1508 1611 1572 accommodatum
1654 1503 1830 1592 est3
1866 1502 1962 1568 ita
2004 1501 2176 1568 nihil
2222 1503 2515 1569 alienum
2567 1510 2685 1565 aut

683 1606 1049 1674 arcessitum
1096 1609 1437 1676 interserit.
1554 1610 1955 1696 Quanquam
1999 1606 2179 1670 enim
2224 1607 2300 1675 in
2338 1604 2685 1693 Euripidis

682 1706 1054 1777 solennibus
1088 1713 1266 1779 vitiis
1299 1711 1762 1781 enumerandis
1790 1710 1961 1775 illud
1994 1709 2429 1776 recensuerim
2444 1757 2466 1794 ‚
2501 1709 2685 1797 quod

567 1809 653 1875 26
685 1812 934 1880 cantica
979 1815 1157 1882 nihil
1212 1819 1299 1883 ad
1337 1839 1484 1882 rem
1527 1813 1928 1904 pertinentia
1972 1812 2184 1901 choro
2221 1813 2477 1880 tribuat
2495 1861 2519 1898 ‚
2584 1811 2694 1879 vi-‘

681 1915 860 1982 tium
891 1916 1022 1983 hoc
1054 1918 1127 1984 in
1160 1920 1443 1986 Hecuba
1471 1917 1701 2011 saltem
1731 1919 1890 1982 adeo
1928 1916 2209 1983 feliciter
2246 1918 2420 1984 evita
2431 1916 2523 1984 vit
2538 1963 2558 2001 ,
2610 1925 2687 1978 ut

683 2018 734 2085 fi
777 2020 930 2107 pari
961 2045 1121 2088 cura
1166 2024 1242 2089 in
1287 2023 1413 2089 hac
1458 2037 1648 2110 parte
1685 2021 1937 2109 semper
1978 2020 2267 2086 versatus
2310 2019 2458 2087 effet
2476 2067 2496 2105 ‚
2566 2019 2688 2084 So-

683 2122 923 2213 phocle
979 2124 1120 2214 ipso
1175 2126 1350 2192 nihil
1398 2126 1690 2192 inferior
1758 2123 2187 2194 iudicaretur.
2331 2123 2685 2190 Infinitum

685 2225 868 2313 ess'et,
924 2228 969 2293 fi
997 2252 1121 2320 per
1148 2252 1373 2294 omnes
1418 2230 1791 2318 tragoediae
1823 2228 2025 2296 huius
2068 2238 2320 2316 parteS,
2377 2250 2545 2316 quae
2583 2227 2691 2293 vel

638 2392 645 2395 r
685 2342 961 2420 propter
1003 2331 1149 2399 vim
1190 2336 1274 2398 ad
1325 2332 1596 2399 affectus
1640 2332 2149 2398 commovendos
2166 2378 2186 2416 ‚
2253 2331 2366 2396 ‚vel
2413 2336 2690 2418 propter

684 2432 1030 2521 poeticum
1073 2433 1420 2524 spiritum,
1464 2437 1571 2501 vel
1601 2433 1881 2524 denique
1914 2431 2222 2500 dictionis
2266 2433 2688 2520 elegantiam,

685 2537 952 2608 laudem
980 2550 1362 2602 mereantur
1377 2585 1397 2620 ,
1442 2538 1914 2620 discurrerem3
1968 2558 2185 2601 unum
2217 2548 2447 2603 tamen
2475 2537 2688 2603 facere

688 2660 826 2704 non
856 2637 1117 2726 poss'um
1156 2641 1322 2729 quin
1364 2639 1581 2710 tribus
1613 2640 1827 2707 verbis
1856 2638 2179 2705 iudicem:
2252 2662 2339 2706 ex
2380 2639 2691 2706 omnibus

685 2741 1002 2809 Hecubae
1031 2743 1304 2810 canticis
1330 2745 1527 2829 longe
1554 2742 2168 2831 praestantiffimum
2195 2742 2287 2807 est
2316 2743 2509 2828 illud,
2557 2764 2689 2832 quo

684 2846 1019 2914 Troianae
1066 2847 1375 2913 mulieres
1416 2837 1657 2913 Troiae
1700 2847 2052 2912 interitum
2083 2859 2408 2932 narrant,
2467 2858 2535 2913 et
2578 2863 2691 2912 ne-

685 2949 873 3039 gotia
912 2963 1442 3020 commemorant
1458 3000 1481 3037 ‚
1555 2951 1799 3041 quibus
1843 2971 2138 3040 quaeque
2181 2949 2439 3015 intenta
2484 2950 2693 3017 fuerit

686 3053 811 3121 sub
849 3066 1121 3139 ‚noctem
1162 3054 1513 3121 exitiosam
1530 3104 1551 3141 ‚
1616 3077 1752 3143 qua
1798 3053 2039 3120 Graeci
2078 3053 2311 3118 urbem
2331 3097 2336 3102 -
2357 3053 2692 3142 ceperunt.

646 3203 651 3207 -
687 3159 1099 3245 Quanquam
1137 3158 1222 3223 in·
1254 3160 1486 3225 animo
1526 3158 1848 3225 Nostrum
1892 3154 2187 3223 habuiss'e
2233 3156 2498 3224 videtur
2525 3158 2692 3224 vir-

684 3257 891 3346 gilius
905 3306 928 3345 ,
1044 3284 1204 3329 cum
1253 3261 1514 3331 librum
1569 3260 1929 3329 secundum
1980 3256 2308 3326 Aeneidos
2363 3260 2694 3347 scriberet,

686 3383 903 3450 pauca
965 3360 1039 3429 in
1096 3387 1173 3430 eo
1232 3364 1527 3455 express'a
1570 3377 1635 3431 et
1688 3365 1913 3431 testata
1969 3363 2368 3431 imitationis
2426 3365 2692 3453 vestigia

692 3477 1035 3553 apparent.
1108 3523 1113 3530 .
1164 3465 1235 3532 U
1235 3493 1359 3541 nus
1419 3470 1890 3536 tantummodo
1949 3469 2127 3535 mihi
2187 3468 2264 3533 in
2328 3468 2690 3560 praesentia

691 3566 1018 3635 succurrit
1056 3569 1272 3660 locus,
1347 3572 1467 3642 ubi
1518 3571 1854 3662 Virgilius
1891 3570 2031 3661 ipsa
2085 3572 2285 3639 verba
2342 3569 2690 3659 Euripidis

693 3672 1064 3741 aemulatus
1103 3673 1220 3742 est:
1601 3732 1610 3740 .

807 3774 1096 3865 Tempus
1125 3790 1305 3862 erat,
1362 3802 1492 3870 quo
1519 3775 1763 3868 prima
1803 3780 1989 3869 quiea
2027 3775 2417 3844 mortalibus
2460 3773 2691 3864 aegris

796 3878 1054 3971 Incipit
1095 3891 1160 3945 ee
1193 3881 1364 3947 dono
1398 3881 1633 3948 divum
1671 3881 2059 3975 gratiffima
2074 3873 2320 3972 serpit.

1028 3974 1484 4059 Μεσοννκτιος
1528 3975 1828 4070 ὦλλύμαν
1842 4034 1864 4071 ‚

1007 4074 1228 4170 Ἦιιος
1269 4087 1340 4152 ἐκ
1382 4084 1728 4155 δείπνων
1706 4081 1909 4165 ὕπνος
2018 4137 2024 4144 .

1021 4179 1218 4282 ‘Have
1260 4178 1361 4257 ἐπ
1401 4185 1630 4270 ὄσσοις
1675 4190 1990 4257 κίδναται.
2033 4221 2038 4226 ’
2105 4181 2309 4275 (Hem.
2358 4214 2420 4256 ν.
2456 4181 2651 4280 592.)
2740 4252 2744 4256 .

642 4290 857 4377 sed,
906 4300 985 4358 ut
1017 4292 1231 4375 dixi,
1266 4293 1314 4364 fi
1358 4296 1585 4364 omnia
1632 4294 1832 4364 huius
1879 4292 2290 4408 tragoediae,
2343 4316 2511 4386 quae
2549 4294 2695 4369 lau-
