2952 5028
751 437 1284 489 PRAEFATIO
1373 438 1872 490 EDITORVM.
2269 441 2352 489 lx

273 601 944 713 disputationem,
998 584 1421 700 suavitate,
1499 604 1892 710 elegantia
1958 623 2040 684 et
2076 603 2352 686 iudicii

269 740 697 824 subtilitate
768 741 1357 838 admirabilem,
1435 747 1645 819 intra
1697 741 2082 850 perbreve
2145 761 2352 822 tem-

273 909 461 988 pus,
522 889 766 961 unius
798 897 1043 985 atque
1100 880 1418 958 alterius
1465 878 1623 957 diei
1667 875 2054 984 spatium,
2107 877 2353 959 absol·-

273 1015 473 1098 viss'e.
588 1020 922 1097 Nemini
989 1045 1219 1123 vero,
1295 1024 1414 1095 uti
1461 1013 1905 1123 speramus,
1989 1014 2354 1122 displice-

277 1153 433 1252 bit,
512 1183 663 1234 nos
740 1181 954 1261 pene
1036 1155 1576 1258 extemporale
1647 1181 1853 1261 opus
1935 1160 2022 1233 in
2071 1154 2357 1249 ,lucem

281 1288 632 1371 emififfe.
701 1295 1027 1406 Nempe
1056 1290 1306 1370 visum
1354 1287 1469 1369 est
1512 1320 1781 1398 neque
1820 1289 2357 1371 iniucundum

275 1429 444 1507 fore
484 1458 753 1536 neque
798 1430 1118 1526 inutile,
1174 1436 1378 1506 inter
1434 1445 1560 1508 tot
1612 1427 1972 1508 summae
2032 1428 2359 1535 diligen-

279 1573 440 1645 tiae
516 1595 611 1646 ac
696 1566 988 1646 laboris
1077 1571 1620 1662 monimenta,
1725 1593 1894 1644 uno
1985 1567 2378 1674 exemplo·

282 1701 726 1802 ostendere,
785 1704 980 1810 quid
1024 1705 1204 1800 Vir,
1265 1721 1636 1782 accurata
1669 1703 2034 1782 doctrina
2084 1700 2360 1783 instru-

37 1872 55 1895 ·=
165 1926 169 1931 ,
280 1837 698 1938 ct-iffimus,
748 1839 1126 1920 festinans
1172 1836 1489 1920 efficere
1537 1851 1916 1949 potuerit.

496 1979 1180 2058 Praeleccionem
1240 1988 1651 2086 excipiunt
1713 1972 2362 2082 ‘Observationes

296 2116 387 2197 V
374 2128 642 2210 ariae,
704 2116 808 2195 ad
840 2113 1255 2223 scriptores
1286 2123 1597 2197 Atticos
1626 2116 2097 2222 spectantes),
2160 2144 2363 2223 quas

281 2262 377 2361 in
420 2250 850 2370 adversaria
916 2252 1053 2331 sua
1109 2260 1563 2332 coniecerat
1609 2250 2039 2351 Porsonus,
2123 2283 2365 2361 quae-

280 2419 448 2498 que
499 2386 950 2497 speciminis
1025 2393 1205 2471 loco
1271 2389 1427 2471 effe
1496 2384 1790 2497 poffint
1860 2393 2150 2498 Operis
2212 2397 2365 2473 Mi·

282 2529 644 2612 scellanei
676 2531 969 2627 Critiei,
1012 2528 1237 2636 quod
1273 2527 1435 2638 ipse
1468 2531 1662 2608 olim
1698 2528 2134 2629 Qditattis
2172 2552 2363 2612 erat.

283 2667 503 2749 Istud
557 2662 972 2749 confilium
1016 2686 1324 2774 quanta
1382 2696 1570 2746 cum
1620 2670 2024 2748 literarum
2065 2675 2368 2750 iactura

289 2804 767 2915 deposuerit,
821 2806 944 2883 vel
974 2833 1069 2883 ex
1097 2804 1216 2883 his
1245 2805 1708 2918 fragmentis
1734 2807 2062 2913 intelligi
2085 2807 2368 2914 potest.

513 2948 893 3051 Sequitur
935 2937 1406 3048 ampliffima
1439 2935 2111 3022 emendationum
2139 2941 2370 3025 series
2411 2941 2426 2956 ‘

287 3090 381 3164 in
451 3083 849 3164 Athenaei
921 3076 1663 3188 DeipnofophistaS,
1754 3108 1999 3190 quem
2076 3082 2371 3161 librum

287 3249 439 3329 per
498 3228 890 3300 maiorem
950 3227 1168 3297 vitae
1251 3236 1571 3322 partem
1644 3220 1782 3298 Vir
1838 3226 2198 3326 egregius
2256 3229 2371 3304 ita

291 3358 737 3455 tractabat,
803 3373 900 3432 ut
958 3362 1084 3432 vix
1154 3381 1518 3462 unquam
1574 3384 1764 3435 eum
1820 3357 1920 3436 de
1998 3356 2372 3437 manibus

292 3496 764 3602 deponeret.
838 3495 1298 3593 Poetarum,
1332 3491 1798 3601 praesertim
1829 3496 2375 3594 Comicorum,

288 3634 780 3740 fragmenta,
875 3660 1082 3739 quae
1157 3631 1272 3713 ibi
1339 3630 1797 3712 conservata
1871 3623 2088 3730 sunt,
2167 3640 2379 3714 tanti

295 3768 806 3869 aestimabat,
874 3772 1212 3877 ‘lepores
1282 3797 1775 3877 veneresque
1852 3797 2133 3849 eorum
2207 3785 2381 3848 tam

288 3904 660 4015 impenso
739 3937 1013 3988 amore
1086 3904 1755 4016 prosequebatur,
1840 3925 1931 3985 ut
2006 3909 2110 3990 ad
2178 3908 2379 3984 haec

288 4045 653 4128 sananda
708 4046 1351 4152 restituendaque
1399 4073 1684 4125 omnes
1719 4045 2191 4125 eruditionis
2250 4068 2383 4118 co·-

289 4189 478 4293 pias
497 4243 520 4282 ,
587 4171 886 4293 ingenii
936 4190 1133 4265 vires
1208 4212 1302 4265 ae
1361 4168 1635 4270 iudicii
1694 4208 2038 4298 acumen
2095 4173 2383 4271 afferre
