2952 5028
717 372 788 387 ”
888 383 985 430 ΙΝ
1056 380 1647 430 ΑΤΗΕΝΑΕῙῙΜ.
2122 388 2257 436 101

268 554 501 622 Alexis
519 579 587 644 p.
623 552 708 618 41
731 574 790 642 7.
824 550 905 618 F
908 547 955 589 “
979 550 1313 663 ”Legitur
1340 552 1418 617 in
1447 551 1772 617 Editione
1815 543 2265 638 ΟιζῙαιιόοηια-

268 682 397 735 na,
447 650 557 722 ιὐα
587 655 705 736 πίη
753 678 857 730 τις
893 648 1088 720 τοῦτο
1128 643 1348 737 λαθών
1382 657 1497 718 καὶ
1538 643 1795 746 φαγών,
1838 647 2059 747 ω’σπερ
2089 682 2263 733 πιων

255 761 475 849 χαίρει
489 809 509 845 ,
560 763 672 825 καὶ
714 756 1023 823 σκευασία
1063 748 1158 844 μή
1212 753 1333 841 μὶη
1397 757 1498 836 εἴη
1561 752 1675 838 τῆς
1725 753 2056 841 μουσικῆς.
2171 761 2262 829 In

238 859 515 949 schedis
545 863 810 930 notavit
839 853 1109 944 Potsbn.
1170 861 1275 927 De
1310 883 1543 948 genere
1572 861 1887 930 versuum
1919 862 2068 930 vide
2098 859 2260 930 Ari-

259 968 465 1059 stoph.
496 968 679 1032 Nub.
719 965 885 1034 518.

412 1072 509 1136 X.
553 1094 621 1159 p.
660 1070 742 1135 41
771 1094 825 1136 1.
867 1070 943 1136 Β.
981 1066 1056 1133 C.
1156 1065 1641 1156 Epicharmus:

374 1176 602 1263 Ψοφεῖ
647 1164 705 1238 δ’
755 1165 793 1239 ὁ
836 1163 1156 1263 γόμφιος,
1204 1173 1447 1261 τέτριγε
1494 1162 1555 1238 δ’
1601 1163 1645 1239 o‘
1682 1160 2000 1260 κυνόδων,

365 1278 546 1356 Σίζει
595 1277 664 1342 δὲ
702 1280 844 1352 ταῖς
890 1266 1175 1363 ῥίνεσσι,
1224 1278 1396 1342 κινεῖ
1435 1265 1496 1340 δ’
1539 1300 1747 1342 ovata
1762 1325 1783 1364 ‚

370 1372 465 1448 Οὐ
510 1375 634 1446 τῶν
682 1370 1099 1468 τετραπόδων
1151 1368 1334 1453 οὐδὲν
1378 1369 1596 1458 ἦττον.

258 1484 378 1550 ubi
413 1508 538 1572 pro
569 1473 804 1572 τέτριγ’
835 1474 871 1548 ὁ
911 1481 1170 1571 reposui
1207 1484 1475 1596 τέτριγε
1481 1472 1638 1547 “6“
1599 1506 1636 1548 ο
1681 1505 1767 1549 ex
1795 1483 2141 1551 Eustathio
2169 1485 2255 1551 ad

255 1588 334 1654 Il.
365 1592 449 1656 A.
479 1613 545 1677 p.
581 1589 748 1678 87.0
857 1587 965 1652 Sic
1010 1588 1261 1671 μετεῖχε
1325 1576 1383 1651 δ
1428 1575 1683 1676 αμφοῖν
1736 1587 2088 1673 legendum
2126 1611 2254 1678 pro

255 1682 494 1778 ,aneis
537 1683 785 1783 ἁμφοῖν
828 1689 901 1755 in
933 1688 1324 1777 Antiphane
1349 1687 1459 1755 III.
1506 1713 1572 1778 p.
1612 1693 1772 1756 125.
1803 1692 1873 1757 F.

403 1797 493 1863 In
524 1799 720 1862 tertio
754 1786 950 1880 versu
995 1783 1090 1861 Ου
1111 1786 1458 1882 supplevit
1489 1786 1838 1879 Porsbnu-s.

407 1898 503 1964 X.
552 1924 616 1987 p.
653 1901 731 1964 41
753 1899 820 1962 3.
862 1898 936 1963 G.
1038 1896 1388 1985 Euripides
1417 1894 1761 1982 Autolyco
1791 1896 2046 1985 primo:

354 1997 596 2069 Κακῶν
641 1991 769 2090 γάρ
813 1995 1015 2065 ὄντων
1064 1998 1308 2087 μυρίων
1347 1988 1514 2062 καθ’
1564 1990 1876 2085 Ἑλλάδα,

359 2097 562 2172 Οὐδὲν
602 2095 828 2168 κάκιον
867 2103 1044 2166 ἐστὶν
1094 2090 1411 2181 ἆθλητῶν
1451 2101 1686 2183 γένους.

262 2207 488 2296 Vulgo
518 2200 728 2271 κακῶν
772 2227 863 2288 γε.
928 2193 1053 2291 γαρ
1084 2201 1379 2271 Eustath.
1421 2202 1506 2267 ad
1537 2201 1611 2266 Il.
1656 2203 1742 2267 Ψ.
1784 2224 1847 2290 Ρ.
1888 2223 2106 2292 1299,
2154 2223 2246 2275 20
2283 2213 2404 2274 116

252 2337 362 2368 =
388 2335 410 2374 1
434 2309 476 2373 4
492 2333 532 2374 1
544 2332 603 2395 1,
651 2308 692 2372 4
711 2331 766 2371 1.

402 2413 496 2479 X.
536 2438 602 2502 Ρ.
641 2412 725 2478 41
747 2413 810 2478 5.
859 2410 935 2475 Ε.
999 2407 1454 2475 Phoenic-ides:
1513 2409 1761 2501 Μέχρις
1807 2397 1887 2475 οὗ
1930 2402 2096 2499 διδῷ
2128 2434 2251 2497 τις,

246 2545 294 2599 η
337 2509 525 2610 λάθῃ
571 2506 963 2606 διαρραγείς.
1032 2513 1142 2580 Sic
1175 2525 1349 2579 recte
1375 2513 1647 2580 Aldina.
1742 2514 1991 2605 Μέχρις
2036 2503 2095 2600 γ’
2136 2503 2254 2581 ἐαν

251 2625 347 2690 ed.
386 2623 662 2689 Casaub.
768 2617 1022 2689 Deinde
1048 2619 1188 2703 lege
1230 2617 1342 2682 hic
1372 2630 1436 2682 et
1475 2617 1723 2705 ubique
1758 2622 2060 2705 ταμιεῖον
2086 2607 2249 2708 (pro

252 2727 569 2814 ταμεῖον).
662 2721 990 2788 Vocalem
1020 2721 1334 2845 absorpsit
1361 2721 1855 2811 diphthonguS,
1904 2721 2083 2818 quod
2114 2720 2250 2786 sae-

251 2856 336 2922 pe
371 2831 628 2896 factum
668 2826 789 2911 est,
835 2837 914 2891 ut
944 2839 1009 2893 et
1044 2826 1116 2892 in
1145 2816 1379 2908 ὑγιεία

402 2934 495 2999 Χ.
539 2957 607 3021 Ρ.
652 2874 817 2996 416.
857 2931 932 2996 Ε.
1026 2925 1387 2995 Anaxilas:
1431 2920 1615 3004 ·''H‹5n
1651 2916 1884 3010 σχεδόν
1926 2948 2036 2991 τοι
2082 2913 2249 2989 πάν-

251 3063 337 3105 τα
383 3060 492 3104 σοι
566 3023 737 3112 πλὴν
772 3028 1086 3113 Κτησίου.
1219 3032 1392 3116 Lege
1437 3019 1672 3113 σχεδόν
1718 3052 1818 3115 τι,
1887 3039 1965 3098 ut
2004 3026 2244 3096 Strabo

249 3141 398 3207 XII.
431 3165 502 3228 Ρ.
538 3139 705 3227 876.
748 3138 823 3203 C.
856 3131 1086 3244 (568.)
1145 3155 1313 3224 927.
1346 3132 1435 3201 A.
1473 3127 1705 3219 (624.)
1806 3137 1809 3142 ’
2014 3151 2018 3156 ’

406 3244 499 3309 Χ.
542 3266 607 3330 Ρ.
646 3242 686 3305 4
705 3265 730 3305 1
754 3263 815 3331 7.
848 3243 924 3306 B.
1028 3237 1478 3326 Theophilus:

644 3373 650 3386 ¹
910 3338 1141 3432 ἑφθῶν
1185 3347 1302 3427 μὲν
1358 3327 1594 3425 σχεδόν
1698 3363 1703 3372 ·

365 3450 548 3536 Τρεῖς
588 3439 770 3530 μνᾶς.
841 3437 961 3531 λέγ’
1006 3443 1187 3511 ἄλλο.
1251 3436 1546 3532 ῥυγχίον,
1595 3435 1836 3529 κωλῆν,
1884 3431 2096 3521 πόδας

363 3554 687 3637 Τέτταρας
731 3541 959 3627 υείους.
1024 3540 1383 3636 Ἡράκλεις.
1446 3536 1649 3631 βοός
1649 3546 1718 3611 δὲ
1767 3548 1972 3635 τρεῖς,

328 3646 621 3743 ”Ορνιθ.
677 3649 1031 3739 Ἄπολλον,
1096 3641 1217 3766 λέγ’
1262 3652 1502 3738 ἕτερον.
1554 3642 1756 3718 σύκων
1797 3639 1916 3718 δύο

349 3754 564 3837 Μνᾶς.
627 3753 806 3833 ἔπιες
850 3758 920 3823 ἐν
968 3757 1037 3824 δὲ
1086 3746 1301 3822 πόσον
1348 3742 1673 3841 οἶκρατου·
1659 3802 1679 3839 ,
1742 3744 1991 3822 δώδεκα

349 3854 674 3937 Κοτυλας
733 3850 1206 3948 Ἀπολλόδωρε
1257 3858 1369 3922 καὶ
1405 3848 1732 3941 Σαβάζιε.

249 3969 364 4034 Sic
401 3967 564 4054 legit
591 3955 962 4049 Porsbnus,
1009 3962 1270 4055 partim
1312 3984 1395 4026 ex
1423 3957 1533 4024 ΙΙΙ.
1536 3984 1638 4049 p.
1671 3964 1789 4051 95.
1823 3958 1918 4025 Α.

394 4070 480 4134 Χ.
517 4093 583 4156 Ρ.
616 4069 785 4157 417.
827 4068 903 4133 O.
1010 4065 1343 4133 Eubulus:
1407 4066 1653 4134 Πονεῖν
1700 4067 1818 4148 μὲν
1869 4056 2082 4144 ἄμμες
2130 4055 2244 4120 καὶ

244 4173 478 4264 φαγεῖν
521 4161 675 4254 μαλ
713 4163 1034 4261 ανδρικοὶ.
1137 4169 1208 4235 Ν
1211 4189 1302 4234 ou
1336 4186 1572 4257 φαγειν
1613 4171 1733 4251 μὲν
1775 4155 2080 4251 ἀνδρικοὶ·
