2952 5028
865 381 994 428 ῙΝ.
1028 381 1618 441 nunt-mnam-
2171 372 2214 439 5

208 550 509 640 guiculis
535 547 992 640 philosophiae
1032 563 1098 617 et
1147 552 1558 640 eloquentiae
1592 556 1949 645 praeceptis
1985 555 2213 623 imbu-

208 668 322 721 tus
338 703 359 739 ‚
406 654 777 742 eloquentia
823 654 939 721 sua
972 657 1055 720 ad
1097 654 1376 722 honores
1419 655 1817 745 reipublicae
1853 659 2242 747 adipiscen-·

208 761 331 826 dos
372 758 560 823 abuti
600 757 902 844 nolebat3
961 758 1459 847 philosophiam
1500 760 1689 827 suam
1729 762 1813 827 ad
1849 762 2207 833 evellendos

207 863 574 929 hominum
616 861 861 927 animis
897 860 1099 927 nimis
1127 863 1256 927 alte
1297 862 1540 929 infixos
1569 886 1851 942 errores„
1914 867 2207 953 magistri

208 967 315 1032 sui
358 974 810 1053 Anaxagorae
851 964 1005 1030 casu
1038 965 1424 1051 deterrituS,
1490 989 1788 1035 exercere
1821 988 1957 1034 non
2004 971 2206 1036 aude·

205 1070 347 1134 bat.
449 1072 556 1136 Ne
584 1081 815 1137 tamen
858 1068 1071 1134 vitam
1100 1067 1300 1145 *suam
1342 1070 1629 1156 inglorio
1673 1066 1982 1138 transiret
2019 1073 2204 1140 filen·

206 1175 344 1257 tic,
398 1186 601 1262 utque
640 1172 1078 1262 eloquentiam
1123 1173 1309 1243 suam
1347 1185 1543 1263 atque
1570 1174 2082 1263 philosophiam,
2126 1175 2203 1242 in

207 1288 539 1365 quantum
567 1299 668 1342 res
697 1287 1064 1365 pateretur,
1117 1278 1199 1345 ad
1245 1277 1621 1347 humanam
1659 1278 2022 1349 utilitatem
2066 1290 2206 1344 tra-

206 1383 514 1466 duceret,
592 1380 676 1445 ad
732 1378 1089 1468 tragoedias
1147 1378 1509 1447 scribendas
1562 1382 1869 1449 animum
1917 1382 2198 1470 appulit,

204 1494 396 1549 tanta
424 1483 804 1569 diligentia,
845 1495 1032 1550 tanto
1061 1481 1380 1568 succell'u,
1446 1496 1526 1553 ut
1567 1485 1847 1553 dubiam
1879 1484 2197 1573 Sophocli

204 1587 366 1675 ipfi,
464 1572 838 1655 multorum
909 1598 1085 1653 certe
1150 1586 1504 1674 sententia,
1594 1590 1897 1679 palmam
1950 1589 2193 1659 fecerit.

206 1691 487 1757 Theatri
536 1690 855 1780 praefidio
896 1689 1102 1757 fietus
1115 1736 1136 1773 ,
1228 1691 1493 1780 eiusque
1551 1692 1768 1782 quast*
1781 1691 1901 1760 sub
1957 1694 2194 1781 clypeo

203 1807 413 1860 tectus
439 1808 502 1860 et
536 1795 871 1879 munitus,
920 1815 1082 1884 quae
1104 1795 1350 1881 ‚palam
1385 1786 1602 1885 eloqui
1640 1796 1757 1884 ipfi
1802 1818 2049 1884 parum
2089 1806 2193 1861 tu·

202 1910 355 1964 tum
384 1897 596 1983 foret,
642 1897 895 1964 civium
941 1896 1182 1962 animis
1225 1897 1466 1965 furtim
1507 1898 1883 1966 instillabat.
1979 1896 2192 1967 Falsas

201 2002 567 2069 hominum
621 2001 998 2086 religiones,
1072 2022 1315 2087 magna
1360 2001 1733 2069 seculorum
1771 2002 2192 2070 veneratione

200 2104 631 2182 consecratas,
719 2117 916 2192 atque
981 2102 1122 2191 ipsa
1189 2103 1503 2171 vetustate
1566 2106 1938 2190 roboratas,
2026 2127 2189 2193 quas

200 2219 431 2296 aperte
475 2229 853 2293 oppugnare
896 2205 1078 2271 nefas
1119 2205 1615 2273 existimaturos
1653 2205 1775 2273 effe
1812 2208 1982 2273 cives
2029 2207 2190 2271 bene

195 2310 657 2402 praevidebat,
731 2334 830 2378 eas
877 2321 1044 2377 tecte
1086 2307 1204 2374 sub
1244 2308 1542 2397 persona'
1565 2310 1779 2377 aliena
1824 2309 2212 2377 convellere.

200 2413 724 2502 aggrediebatur.
820 2415 1057 2502 Neque
1095 2413 1326 2481 ceteris
1376 2415 1589 2502 magis
1616 2412 2036 2502 praeiudiciis
2071 2435 2204 2501 pe-,

198 2520 444 2609 percit,
531 2518 775 2609 quibus
811 2520 1152 2609 plerosque
1203 2520 1592 2586 mortalium
1645 2520 1876 2608 paffim
1911 2517 2184 2584 'onustos

196 2624 466 2691 videbat
506 2670 547 2707 „
563 2622 801 2689 Errare
817 2667 840 2699 ‚
912 2633 1111 2710 atque
1155 2622 1339 2689 viam
1395 2625 1694 2711 palantes
1733 2645 2041 2712 quaerere
2080 2620 2184 2689 vi-

197 2723 367 2793 tae.“
478 2725 807 2808 Quamvis
845 2747 997 2792 vero
1057 2747 1195 2792 non
1250 2727 1525 2794 omnino
1577 2725 1832 2793 honore
1882 2738 1946 2793 et
1993 2725 2180 2791 sama

198 2817 378 2920 apud
426 2830 596 2896 cives
632 2829 776 2894 suos
818 2828 1137 2913 caruerit,
1214 2831 1451 2917 vulgus
1482 2841 1701 2898 tamen
1744 2852 1941 2914 eum,
2012 2828 2180 2892 dum

192 2935 409 3018 vixit,
455 2933 638 3000 haud
670 2932 1103 3020 prolixiffimo
1147 2930 1233 2996 est
1272 2932 1501 2999 favore
1532 2932 1927 3020 prosecutus.
2028 2930 2196 3020 Plo·-⁵

193 3039 364 3103 ravit
401 3036 642 3106 scilicet
681 3047 746 3102 et
783 3035 1135 3124 Euripides
1172 3034 1467 3103 favorem
1525 3035 1857 3122 speratum
1900 3054 2037 3102 non
2074 3055 2204 3098 rev.

193 3141 511 3229 spondere
549 3139 806 3208 meritis
843 3138 1006 3226 suis;
1065 3138 1228 3205 adeo
1268 3134 1471 3206 ut'ex
1511 3138 1953 3227 septuaginta,
2012 3155 2200 3228 quas,

195 3245 422 3312 docuit
436 3290 456 3326 ,
519 3242 741 3311 forsan
778 3253 842 3309 et
894 3242 1197 3331 pluribus
1211 3288 1235 3327 ,
1309 3241 1552 3310 fabulis
1605 3241 2002 3330 quindecim·
2031 3252 2180 3306 tan·-

193 3348 543 3413 tummodo
572 3343 880 3420 victorias
915 3344 1287 3434 reportarit.
1405 3346 1535 3414 Sed
1575 3358 1822 3435 quanto
1871 3343 2194 3418 iniustiua
2261 3373 2268 3382 “

144 3465 149 3470 ’
196 3475 232 3516 a
270 3452 561 3538 populo,
610 3472 766 3516 cum
800 3449 1201 3536 Tragoediae
1227 3449 1377 3516 suae
1403 3450 1479 3520 in
1505 3462 1830 3520 certamen
1866 3448 2192 3514 commit--

192 3565 518 3631 terentur,
569 3554 899 3639 neglectus
925 3552 1058 3620 fuit
1069 3595 1094 3631 ‚
1143 3563 1353 3626 tanto,
1375 3552 1726 3643 impenfius
1770 3551 1854 3622 ab
1882 3551 1963 3620 iis
1980 3598 2000 3636 ,
2059 3550 2169 3641 qui
2185 3550 2245 3624 ,Β

190 3657 435 3724 iudicio
495 3658 723 3745 paullo
754 3658 934 3746 ¹plus
971 3665 977 3674 ‘
1011 3657 1357 3738 valebant,
1440 3655 1804 3747 quibusque
1859 3654 2062 3744 poefiu
2108 3665 2192 3726 et.

191 3760 515 3851 sapientia
544 3760 727 3827 cordi
757 3771 979 3844 erant,
1023 3759 1379 3848 colebatur.
1482 3761 1685 3828 Instar
1712 3757 2194 3832 omnimn.esto;

190 3867 511 3951 socrates,
564 3863 675 3951 qui
709 3886 866 3932 cum
894 3862 1121 3954 paucis
1155 3862 1301 3931 ell'et
1327 3866 1519 3932 annis
1557 3866 1783 3931 minor
1825 3862 2171 3951 Euripide,
2179 3901 2196 3936 ί

190 3993 339 4037 eum
391 3968 466 4034 in
515 3966 806 4058 magistri
845 3990 1054 4057 prope
1094 3969 1243 4034 loco
1283 3967 1603 4057 habebat3
1667 3981 1732 4040 et
1769 3968 2002 4040 ‚ceteris
2040 3964 2194 4040 feres

188 4073 400 4162 poetis
437 4072 793 4159 neglectiS,
814 4070 1207 4141 fabularum
1232 4072 1753 4161 Euripideamm
1783 4070 2078 4140 constans
2103 4078 2188 4140 et.

186 4187 477 4245 attentus
508 4175 831 4268 spectator
857 4176 1127 4246 sedebat.
1228 4177 1354 4244 Sed
1380 4166 1730 4271 Euripiden
1763 4176 2173 4269 posterorum
