2952 5028
671 297 711 361 8
936 330 941 337 -
1362 307 1953 361 PRAEanrlo
2070 289 2073 292 ’

672 478 969 564 scenam,
1058 477 1320 544 nullam
1391 477 1736 566 personam
1793 454 2085 560 inducit,
2174 500 2343 565 quae
2391 501 2526 542 non
2576 476 2670 541 ad

618 632 623 641 .
669 582 991 662 dramatis
1037 580 1498 657 oeconomiam
1551 581 1899 669 pertineat.
2014 581 2273 653 Chorus
2310 580 2443 646 eius
2484 580 2672 647 nihil

587 771 591 775 ¹
669 686 1043 772 intercinit,
1086 686 1266 772 quod
1310 706 1441 757 non
1461 732 1483 770 ,
1527 683 1887 749 secundum
1919 683 2182 748 Horatii
2208 695 2673 772 praeceptum,

666 789 1005 881 propofito
1034 790 1363 855 conducat
1377 835 1397 872 ‚
1448 797 1518 855 et
1560 799 1711 876 apte
1754 786 2118 853 cohaereat.
2216 788 2471 854 Heroas
2495 787 2674 870 11103,

604 930 607 933 -
668 896 750 961 ut
797 892 1061 984 pietatis
1099 903 1164 965 et
1207 891 1491 958 iustitiae
1533 901 1862 975 amantes,
1931 889 2291 955 imitandos
2333 891 2675 979 proponit,

672 1007 790 1063 aut
837 996 1011 1071 secus
1051 995 1388 1063 sentientes
1426 994 1670 1062 merito
1721 988 2047 1083 supplicio
2077 994 2310 1059 affecit.
2390 994 2677 1060 Interim

672 1100 1024 1169 fatendum
1080 1098 1200 1184 est,
1277 1089 1672 1188 Euripidem
1746 1109 1977 1165 contra
2037 1096 2156 1162 has
2217 1100 2479 1184 regulas
2535 1121 2678 1164 non

673 1224 826 1272 raro
862 1221 1151 1292 peccare.
1253 1202 1570 1290 Episodia
1617 1201 1701 1268 ad
1741 1201 2004 1268 fabulae
2046 1213 2523 1287 argumentum
2552 1201 2676 1267 vix

678 1331 755 1377 ac
822 1331 906 1375 ne
964 1305 1086 1377 vix
1141 1305 1418 1394 quidem
1483 1302 1794 1375 sacIentia
1851 1302 2068 1390 affuit3
2150 1305 2358 1370 choro
2415 1304 2675 1371 cantica

677 1408 946 1502 prorsus
1021 1434 1061 1476 a
1134 1430 1207 1473 re
1281 1395 1604 1499 praesenti
1669 1409 1883 1475 aliena
1955 1407 2325 1496 frequenter
2396 1408 2674 1493 tribuit3

679 1515 930 1583 multas
964 1512 1203 1600 impias
1255 1523 1454 1602 atque
1507 1513 1844 1601 improbas
1904 1509 2185 1600 personis
2234 1511 2366 1575 suis
2422 1510 2674 1576 senten-

677 1619 810 1683 tias
849 1616 1088 1703 dictat-3
1154 1615 1471 1705 denique,
1534 1618 1712 1704 quod
1771 1639 1904 1683 non
1969 1637 2251 1702 parvam
2313 1614 2678 1703 voluptatis
2769 1621 2774 1625 ’

679 1732 942 1811 partem
957 1767 978 1805 ‚
1037 1741 1240 1808 quam
1288 1720 1612 1809 spectator
1661 1732 1780 1786 aut
1831 1720 2040 1784 lector
2092 1740 2327 1806 capere
2376 1716 2676 1804 debebat,

679 1823 1028 1912 intercipit
1047 1871 1068 1909 ,
1115 1823 1212 1888 ita
1253 1823 1430 1889 clare
1471 1823 1736 1907 omnia,
1804 1842 1972 1909 quae
2009 1821 2311 1909 deinceps
2355 1814 2677 1888 eventura

684 1929 849 2014 lint,
902 1927 974 1993 in
1014 1927 1294 2017 prologo
1344 1937 1610 1994 enarrat
1624 1969 1649 2005 ‚
1698 1934 1779 1990 ut
1820 1925 1959 2013 spes
2006 1936 2073 1990 et
2129 1936 2344 1990 metus
2361 1968 2383 2003 ,
2448 1925 2495 1990 fi
2538 1948 2683 1990 non

686 2029 961 2113 omnino
1003 2031 1327 2097 tollantur
1341 2077 1362 2116 ‚
1416 2052 1660 2118 magna
1716 2027 1952 2093 saltem
1991 2051 2079 2094 ex
2121 2039 2309 2116 parte
2364 2027 2676 2094 minuan-

685 2145 819 2201 tur.
919 2134 1266 2217 Quaedam
1309 2145 1533 2199 tamen
1574 2133 1650 2199 in
1690 2131 1797 2196 his
1823 2129 2009 2216 sunt,
2054 2155 2223 2219 quae
2249 2131 2519 2197 facilem
2564 2154 2682 2197 ex·-

690 2235 1096 2305 cusationem
1147 2236 1529 2302 admittant.
1636 2234 1836 2318 Quod
1868 2234 2051 2304 enim
2077 2235 2364 2321 lingula,
2414 2259 2581 2322 quae
2609 2235 2683 2299 in

688 2338 958 2429 fabulae
997 2336 1335 2427 progress'u
1383 2338 1727 2425 accidunt,
1770 2337 2125 2426 praedicit,
2168 2337 2380 2404 studio
2430 2337 2683 2425 perspi-

694 2439 985 2507 cuitatis.
1011 2440 1444 2509 tribuendum
1500 2440 1602 2505 est.
1720 2442 1956 2529 Neque
2000 2460 2053 2504 ‘a
2113 2440 2682 2507 verisimilitudine

693 2544 1010 2621 abhorret
1026 2592 1046 2629 ‚
1097 2545 1261 2614 auos
1297 2543 1590 2611 eiusdem
1629 2544 1832 2611 seculi
1875 2545 2158 2630 tragicos
2174 2592 2194 2628 ‚
2245 2556 2515 2632 propter
2550 2546 2683 2611 hu·-

694 2647 991 2730 iusmodi
1025 2648 1351 2714 defectum
1369 2696 1390 2736 ‚
1439 2671 1681 2736 parum
1720 2649 1804 2713 ab
1864 2648 2275 2716 auditoribus
2318 2649 2685 2715 intellectos

699 2751 1048 2839 aliquando
1105 2749 1322 2839 fuisse3
1405 2761 1473 2824 et
1530 2752 1661 2819 hoc
1717 2736 2221 2818 incominodum'
2279 2762 2683 2819 metuentem

701 2854 1096 2946 Euripidem
1110 2903 1132 2942 ‚
1207 2850 1281 2922 in
1327 2856 1608 2923 alteram
1662 2866 1927 2947 partem
1968 2855 2187 2943 potius
2230 2855 2537 2945 peccasse,
2620 2867 2684 2922 et

698 2958 998 3032 mimium
1044 2958 1333 3026 claritati
1371 2937 1617 3036 (10111110.
1716 2958 2009 3047 Cogitate
2035 2959 2214 3023 enim
2257 2970 2323 3024 et
2363 2959 2442 3024 de
2490 2958 2685 3024 indu-

702 3062 895 3140 stria,
944 3063 1206 3129 consilio
1254 3086 1390 3129 non
1415 3062 1628 3152 casu,
1682 3062 1811 3132 hoc
1855 3085 2013 3127 eum
2054 3060 2369 3129 factitaffe
2408 3062 2685 3127 manife-

628 3163 878 3243 flstum
916 3164 1035 3251 est3
1093 3165 1342 3254 quippe
1387 3167 1504 3255 qui
1555 3167 1814 3234 nullam
1866 3188 2165 3255 unquam
2210 3149 2528 3238 fabulam
2559 3165 2686 3232 fine

705 3266 1088 3334 huiusmodi
1123 3269 1400 3357 prologo
1437 3269 1766 3337 ediderit.
1830 3268 1922 3336 Et
1974 3270 2127 3336 licet
2187 3293 2226 3335 a
2265 3268 2555 3336 Cornicis
2605 3269 2687 3334 ob

707 3368 841 3437 hoc
884 3369 1105 3458 ipsum
1144 3373 1586 3458 derideretur,
1631 3371 1930 3442 instituto
1968 3372 2084 3438 suo
2103 3435 2108 3444 ,
2125 3373 2223 3439 ita
2268 3372 2708 3461 pertinaciter*

711 3473 1107 3542 adhaerebat
1120 3523 1141 3562 ,
1191 3486 1270 3568 ut
1306 3476 1500 3544 avelli
1545 3473 1931 3566 nequiverit.
2033 3477 2187 3544 Hoc
2236 3477 2488 3545 vitium
2531 3476 2690 3543 Ari-

708 3576 1049 3665 stophanes
1065 3626 1087 3665 ,
1157 3580 1274 3698 qui
1320 3578 1636 3669 Euripidi
1689 3579 2015 3669 carpendo
2070 3578 2321 3667 semper
2369 3579 2689 3666 invigilat,

709 3682 1096 3772 nullamque
1136 3683 1274 3753 eius
1321 3681 1704 3770 exagitandi
1748 3682 2147 3749 occasionem
2199 3682 2691 3771 praetermittit,

713 3784 820 3851 his
856 3783 1081 3853 verbis
1131 3788 1365 3906 tangit.
1462 3785 1813 3874 Euripides
1858 3809 2015 3854 cum
2060 3783 2388 3875 Aeschylo
2416 3787 2495 3852 de
2527 3786 2691 3851 Tr-a

710 3880 978 3975 goediae
1048 3883 1433 3978 principatu
1505 3888 1837 3956 decertans
1855 3937 1875 3976 ,
1950 3887 2030 3956 de
2100 3890 2501 3979 inventisque
2567 3889 2694 3955 suis

712 3993 1209 4080 tragoediaeque
1246 3987 1617 4064 scribendae
1659 4016 1777 4082 per
1778 3991 1897 4060 itia
1934 3994 2264 4083 glorians,
2306 3994 2399 4061 ita
2434 3995 2515 4062 de
2544 4017 2694 4086 pro-

708 4095 875 4183 logis
918 4096 1241 4188 loquitur:
1297 4087 1506 4185 (Ran.
1542 4093 1735 4186 945.)
