2952 5028
677 388 820 458 238
1336 404 1429 451 m
1511 402 2001 453 Euluruus

772 602 836 647 v.
868 578 1036 666 595.
1101 569 1255 654 Πῶς
1282 561 1400 641 οὗν
1441 567 1527 639 ἂν
1556 562 1793 639 ἐνθάδ’
1830 561 2014 658 ἧσθ’,
2062 572 2132 639 ἑν
2166 573 2369 662 Τροια
2395 563 2474 638 θ
2507 567 2677 656 ἅμα.

675 679 1029 772 ΒανηςῙίιιε
1068 667 1261 751 noste?
1304 703 1341 744 τ
1371 726 1393 765 ,
1455 676 1917 767 Mla-§gravius
1963 665 2127 758 ἦσθ
2167 673 2276 742 ἐνί.
2388 678 2687 744 Fallitur

674 777 1123 871 Musgravius».
1269 783 1659 870 Legendum
1717 771 1887 861 ἦσθ’
1939 776 2038 846 ἄν.
2125 777 2357 865 (Haec
2412 783 2684 851 iuvenis

654 880 1032 986 seripserat
1075 877 1457 970 Personas.)

776 1019 837 1060 v.
872 990 1039 1082 914.
1135 980 1386 1066 Ἐατέος
1427 978 1571 1054 δ’ζ
1531 1011 1569 1054 o
1615 981 1933 1073 πλοῦτος,
1984 982 2211 1065 αδικος
2251 976 2334 1064 ὥς
2373 1011 2475 1065 τις
2513 983 2625 1054 ὤν.

679 1097 907 1187 Vulgo
949 1083 1189 1182 deqst'“
1138 1117 1244 1170 ως.

774 1183 1428 1276 v.1250·11wtv}
1490 1183 1617 1285 γάρ
1678 1183 1744 1261 εἷ
1788 1187 1882 1284 τῷ
1945 1187 2040 1285 σῷ
2097 1183 2312 1260 πόσει.
2445 1195 2685 1283 Vulgo

670 1302 817 1370 ἕσσι
858 1295 973 1390 σῷ.
1895 1357 1899 1362 Α

772 1430 837 1473 v.
877 1428 905 1469 1
924 1406 1090 1492 559.
1193 1393 1610 1490 Προσῆλθον
1649 1389 1902 1485 ἆκταῖς,
1949 1390 2370 1491 ναυφθόροις
2407 1391 2685 1487 ἠσκημέ-

671 1531 777 1577 νοι
808 1509 1206 1590 Πέπλοισιν,
1250 1529 1373 1594 pro
1403 1493 1794 1587 ἠσθημένοι.
1864 1494 2054 1571 'Vid.
2085 1504 2218 1571 Ion.
2254 1506 2421 1596 337.
2473 1504 2681 1595 supra

681 1613 899 1682 1402.
952 1609 1186 1693 Iulian.
1215 1608 1387 1693 Caes.⁸
1414 1630 1482 1697 p.
1517 1608 1637 1675 33.
1668 1606 1758 1677 A.

1326 1977 1459 2039 IN
1548 1975 2010 2041 IONEM.

774 2152 837 2197 v.
872 2126 1039 2194 335.
1156 2117 1453 2193 Τάλαινά
1497 2117 1559 2192 0²
1601 2118 1643 2207 ἦ
1688 2117 1935 2194 τεκοῦσ’
1983 2115 2121 2214 ἄρ’,
2182 2116 2328 2207 ἥτις
2363 2113 2445 2206 ἦν
2485 2150 2672 2193 ποτε.

671 2233 918 2302 Confer
951 2255 1007 2299 v.
1042 2231 1213 2320 576.
1274 2233 1501 2322 Vuggo
1551 2222 1853 2298 Τάλαινά
1893 2220 1953 2296 0³
1995 2222 2037 2308 ἡ
2086 2221 2331 2296 τεκοῦὄ
2358 2223 2502 2310 ἥτις
2526 2220 2678 2297 ποτ’

669 2329 751 2419 ἦν
798 2333 948 2423 ἄρα.
1099 2348 1103 2353 ’

518 2460 649 2525 270
775 2464 834 2505 v.
873 2439 1039 2527 617.
1150 2435 1229 2504 Οἱ
1274 2423 1395 2512 τοὶς
1446 2425 1675 2513 πόλεις
1719 2428 2025 2526 ἕχοντες,’
2051 2425 2305 2523 ἀξίωμά
2350 2461 2442 2502 τε.

663 2544 768 2611 Ita
816 2543 1174 2627 legendum
1220 2563 1344 2625 pro
1396 2536 1482 2606 Oc
1503 2575 1609 2587 —-
1654 2539 1877 2628 ἔχουσι
1922 2532 2342 2626 κηῖξιώματα,
2399 2564 2487 2606 ex
2525 2542 2678 2605 Sto-

665 2649 829 2713 baeo
862 2668 923 2733 p.
960 2645 1001 2709 3
1019 2666 1045 2707 1
1064 2643 1257 2722 o.(1
1282 2664 1316 2730 7
1331 2642 1397 2707 3.
1429 2640 1653 2728 Grot.)
1701 2644 1822 2710 ubi
1865 2647 1949 2711 ad
1990 2647 2332 2713 Glaucum
2373 2644 2676 2712 referun-

662 2765 777 2818 tur
807 2749 920 2815 hic
955 2759 1021 2814 et
1050 2746 1310 2837 sequens
1352 2744 1591 2813 versus·
2346 2787 2353 2794 ,

767 2877 832 2922 v.
875 2877 903 2918 1
928 2876 951 2917 1
972 2853 1086 2944 98.
1209 2838 1451 2938 Οἰνηροέ
1511 2841 1706 2932 σκεύη
1774 2872 2034 2941 σμικρα.
2162 2850 2346 2919 Haeo
2400 2852 2676 2919 adducit

666 2957 1094 3045 Musgravius
1136 2955 1221 3023 ad
1258 2953 1617 3045 Hippolyt.
1661 2957 1797 3024 136
1812 2978 1872 3022 2.
1935 2968 2014 3021 ut
2044 2949 2431 3046 exemplum
2474 2980 2675 3025 voca-

663 3064 748 3131 lis
790 3074 944 3128 ante
972 3062 1108 3128 ΣΚ
1137 3070 1491 3146 correptae.

821 3167 896 3232 In
930 3162 1274 3253 Sophoclis
1301 3162 1515 3228 Aiace
1560 3182 1586 3224 1
1602 3181 1695 3251 07
1713 3182 1771 3251 7.
1813 3183 1937 3249 pro
1966 3152 2241 3255 γεννήσῃ
2267 3162 2420 3229 satis
2449 3164 2677 3253 inepte

664 3258 988 3350 κτήσηται»
1052 3267 1420 3333 coniecerat
1493 3264 1866 3331 Brunckius
1930 3267 2012 3333 ad
2080 3265 2387 3355 Euripid.
2457 3265 2674 3336 Orest.

676 3374 890 3439 1208.
967 3373 1166 3457 Quod
1208 3382 1430 3435 tamen
1469 3367 1604 3458 ipse
1633 3369 1841 3457 postea
1882 3381 1946 3435 et
1981 3382 2196 3440 metro
2241 3372 2363 3438 ess'e
2403 3384 2679 3438 contra-

664 3476 883 3562 rium,
934 3487 998 3542 et
1037 3473 1244 3542 sensui
1288 3473 1513 3538 minus
1557 3472 1981 3539 necess'ariu'm
2023 3474 2316 3563 agnovit.
2417 3475 2677 3542 Exem-

664 3580 864 3669 plum
895 3591 1121 3644 autem
1148 3578 1435 3646 violatae
1464 3578 1730 3664 regulae
1774 3577 2061 3652 unicum,
2088 3577 2343 3667 profert
2362 3624 2383 3663 ,
2456 3602 2679 3669 neque

665 3681 1043 3749 remedium
1073 3692 1299 3747 tentat.
1367 3681 1491 3768 lpfi
1519 3680 1730 3767 igitur
1754 3692 2098 3747 tentemus·
2164 3685 2384 3748 Locus
2414 3682 2501 3747 est
2525 3684 2671 3752 Ion.

680 3809 709 3851 1
733 3807 759 3849 1
778 3784 893 3876 98.
948 3771 1204 3873 Οἰνηροῖ
1244 3776 1442 3863 σκεύη
1491 3775 1733 3874 σμικροὶ
1759 3820 1882 3850 -·-.
1948 3788 2062 3853 Tu
2093 3809 2243 3854 vero
2284 3809 2530 3875 repone
2558 3784 2678 3855 Ol-

664 3878 830 3977 νηροὶ
885 3890 1005 3954 TE
1012 3889 1232 3954 YXH
1264 3876 1508 3976 σμικροὶ
1540 3922 1661 3953 --.
1756 3887 2071 3956 Alterum
2119 3890 2296 3957 enim
2336 3889 2422 3955 est
2475 3893 2677 3980 vulgi

597 4033 602 4038 ,
663 3992 977 4076 verbum,
1060 4014 1101 4055 a
1142 3988 1444 4075 Tragicis
1497 4012 1816 4078 nusquam
1867 3994 2251 4061 adhibitum
2268 3981 2295 4081 3⁶
2367 3995 2675 4063 alterum

663 4121 821 4165 vero
862 4094 1154 4185 probum
1192 4105 1259 4159 et
1296 4091 1609 4181 Euripidi
1650 4094 2016 4164 familiare:
2086 4100 2251 4166 Hec.
2289 4098 2458 4189 609.
2519 4094 2671 4185 (fit.

664 4200 818 4267 edit.
848 4194 1142 4290 Musgr.)
1208 4195 1537 4264 Androm.
1576 4197 1737 4291 167.
1802 4199 1834 4264 I
1831 4202 1946 4291 ph.
1981 4203 2191 4269 Taur.
2233 4225 2260 4267 1
2278 4201 2398 4269 68.
2469 4205 2667 4294 Cycl.
