2952 5028
660 391 797 462 18⁸
1303 407 1398 455 m
1483 402 1989 453 sornocms
2059 422 2064 431 -

1110 588 2190 721 ’1ΝἘΒΑ611ΕΝ’[Α.

493 784 618 846 215
806 779 1149 870 Sophoclis
1180 782 1471 848 Helenae
1504 780 1813 847 adscribit
1847 780 2255 864 Brunckius,
2307 803 2475 868 quae
2504 779 2654 846 funt

649 886 993 976 Euripidis
1021 886 1359 965 Hecubae,
1402 897 1469 953 et
1502 885 1695 951 Inoni
1724 908 1811 952 cx
1839 884 2148 955 Bacchis:
2192 881 2653 971 fragmentum

644 989 719 1056 in
746 991 914 1058 Lex.
947 1012 1010 1057 v.
1039 982 1266 1075 σάγμα
1294 1013 1380 1055 ex
1407 989 1906 1058 Andromacha.

796 1093 1177 1189 Κηδᾳλίωνι
1207 1094 1287 1163 fr.
1324 1095 1390 1159 3.
1447 1094 1735 1159 Eustath.
1766 1116 1831 1182 p.
1872 1091 2089 1177 1404,
2137 1094 2248 1159 13.
2351 1116 2358 1121 ·

801 1198 1062 1284 Fragm.
1088 1220 1174 1263 ex
1201 1197 1571 1276 Colchifin,
1632 1196 1737 1263 sed
1770 1196 2135 1282 mutilum,
2208 1195 2387 1284 apud
2427 1194 2645 1262 Schul.

648 1303 738 1378 ad
773 1301 957 1369 Pind.
984 1301 1188 1387 Pyth.
1223 1300 1288 1366 4.
1327 1303 1499 1391 398.

800 1403 1051 1493 Scyriis
1110 1427 1217 1493 ap.
1266 1405 1633 1470 Stobaeum
1669 1402 1887 1473 LVII
1930 1426 1996 1492 Ρ.
2040 1404 2213 1495 376,
2265 1404 2385 1469 31.
2451 1404 2648 1472 Gesn.

648 1509 860 1599 Legit
887 1499 1250 1592 Persona-s,

752 1630 764 1644 ⁸
947 1605 1211 1702 Λεπτῇς
1252 1612 1360 1677 ἐπὶ
1403 1602 1684 1702 ῥοπῇσιν
1724 1600 2019 1697 ἕμπολας
2059 1599 2315 1699 μακράς

943 1704 1074 1781 ,Αεὶ
1115 1706 1679 1804 παραῤῥιπτοντες
1725 1717 1792 1781 οἱ
1843 1706 2285 1806 πολύφθοροι

930 1807 1097 1884 'H
1098 1838 1320 1884 σωσοιν
1357 1812 1399 1898 ἢ
1443 1807 1811 1907 κέρὸαναν,
1858 1811 1899 1898 ἢ
1940 1810 2281 1882 διώλεσαν.

630 1906 761 1992 ‘Hs
801 1908 887 1997 (ἴς
938 1913 1023 1986 ἂν
1063 1920 1256 1993 MSS.
1351 1915 1516 1998 ’Έως
1571 1916 1657 1988 ἂν
1708 1917 2179 2002 Grot.’'1‹rw‹;
2227 1915 2310 1986 ἂν
2354 1917 2643 1986 Valcke-

642 2043 826 2087 mer.
855 2023 1138 2091 Dian-ib.
1184 2049 1239 2091 c.
1284 2046 1397 2090 22.
1441 2047 1507 2113 Ρ.
1553 2027 1712 2094 240.

796 2127 1046 2216 Scyriis
1075 2131 1256 2217 apud
1282 2130 1626 2196 Plutwamh.
1660 2128 1736 2193 ΙΙ.
1778 2151 1843 2217 Ρ.
1876 2127 1989 2193 34.
2018 2129 2104 2194 D.
2166 2146 2292 2217 72.
2316 2114 2540 2193 Ε.Σύ
2580 2114 2641 2190 δ’

643 2215 697 2292 ὦ
756 2219 835 2295 τό
891 2223 1205 2321 λαμπρόν
1279 2227 1450 2323 φῶς
1484 2221 1893 2316 οἶποσβεννύς
1946 2226 2111 2322 (non
2166 2225 2639 2316 καταισχυνων)

568 2364 572 2371 ·
643 2331 873 2417 γένωνς.
981 2333 1238 2402 Achilli
1274 2335 1576 2424 loquitur
1606 2334 1873 2425 Ulyss'es.

812 2435 1020 2527 Apud
1052 2438 1410 2505 stobaeum
1436 2439 1710 2505 Gesnmi
1743 2438 1915 2506 XLI.
1959 2462 2025 2528 p.
2064 2436 2098 2504 2
2116 2439 2227 2505 48.
2269 2437 2641 2526 (Brunckiz‘

643 2540 779 2606 inc.
831 2541 967 2631 19.)
1015 2535 1234 2608 ‘'Onov
1280 2567 1406 2631 γαρ
1465 2545 1529 2609 οἱ
1588 2535 1912 2635 φύσαντες
1966 2544 2135 2625 (11011
2169 2535 2638 2635 φυλάσσοντες)

638 2635 970 2725 ησσῶνται
1015 2647 1278 2731 τέκνων,
1351 2636 1485 2714 Οὔκ
1518 2643 1700 2715 ἔστιν
1749 2641 1918 2732 αὕτη
1977 2642 2327 2740 σωφρόνων
2385 2637 2638 2736 ανδρων

640 2740 858 2824 πόλις.

795 2852 1057 2921 Thereo
1094 2852 1173 2919 fi.
1215 2876 1276 2944 7.
1371 2843 1747 2938 Ὠθοὺμεθ·’
1818 2852 1935 2935 ἔξω
1999 2857 2109 2919 καὶ
2165 2844 2637 2939 διεμπολοῦμε-

639 2956 747 3019 θα
769 2991 875 3004 -—-
939 2959 1079 3044 lege
1121 2950 1666 3043 διεμπολώμεθα.
1780 2959 2161 3025 Barbarum
2201 2959 2287 3023 est
2328 2960 2633 3024 alterum.

634 3049 1116 3144 οἷπεμπολῶσαι
1152 3055 1616 3127 restituendlim
1650 3060 1930 3128 Eusebio
1976 3065 2047 3130 P.
2077 3065 2155 3129 E.
2194 3063 2317 3128 IV.
2361 3086 2424 3151 Ρ.
2473 3061 2632 3127 162.

635 3163 719 3228 Ε.
760 3184 890 3252 pro
925 3163 1192 3251 vulgato
1226 3164 1509 3229 minime
1538 3168 1819 3251 Graeco,
1861 3157 2416 3254 ἄπεμπωλοῦσαι,
2451 3166 2635 3254 quod

636 3278 864 3333 tamen
895 3292 1032 3333 non
1071 3269 1344 3334 offendit
1386 3268 1703 3336 Abresch.
1746 3269 1971 3338 Diluc.
2011 3271 2322 3358 Thucyd.
2366 3294 2430 3359 p.
2466 3270 2630 3338 584.

637 3371 1068 3438 Valckenacr.
1100 3374 1184 3438 ad
1215 3373 1534 3439 Herodot.
1560 3373 1612 3438 Ι.
1648 3376 1765 3464 95.
1809 3373 1971 3462 194.
2038 3374 2632 3442 Genuinam‘vocis

635 3476 931 3541 sormam
970 3476 1211 3542 frustm
1260 3475 1664 3564 Apollodori
1704 3476 1971 3543 Codices
2008 3477 2353 3564 noviffimo
2397 3477 2634 3544 editori

640 3580 1040 3646 obtulerunt.
1123 3579 1301 3647 Vide
1330 3580 1612 3647 Pierson.
1641 3583 1727 3648 ad
1766 3582 2031 3648 Moerin
2058 3606 2126 3671 Ρ.
2164 3582 2326 3650 156.
2372 3581 2451 3647 In
2480 3582 2633 3647 Pol-

479 3686 606 3753 216
640 3685 788 3750 luce
839 3684 1018 3750 idom
1058 3685 1379 3754 mendum
1434 3685 1548 3750 hic
1585 3686 1730 3751 illio
1773 3685 2121 3770 relictum,
2181 3699 2261 3751 ut
2298 3684 2415 3752 VI.
2465 3706 2624 3772 191.

640 3787 757 3855 ubi
807 3788 951 3854 MS.
997 3809 1225 3853 veram
1257 3785 1656 3876 scripturam
1698 3788 1962 3858 obtulit.
2028 3779 2410 3876 ἇπημπόλει
2441 3787 2624 3855 Suid.

640 3918 698 3961 v.
753 3883 1110 3979 ‘Povqs-lvog.

774 3995 884 4064 Fr.
930 3994 1059 4058 inc.
1096 3992 1212 4059 4ο.
1284 3985 1679 4081 στρογγύλον
1716 3995 1893 4063 Eust.
1946 3987 2285 4085 (γογγύλον
2329 3993 2626 4063 Brunck.

610 4099 800 4193 sorte
829 4121 912 4163 ex
943 4095 1287 4164 Athenaeo
1313 4098 1395 4168 11.
1431 4123 1503 4186 p.
1537 4103 1578 4165 5
1600 4122 1620 4163 1
1640 4147 1657 4167 .
1686 4096 1803 4186 D.)

776 4202 880 4273 Fr.
908 4200 1038 4267 inc.
1076 4200 1193 4269 56.
1293 4202 1630 4272 Plutarch.
1655 4201 1737 4268 H.
1786 4226 1854 4292 p.
1888 4204 2052 4278 282.
2088 4203 2166 4269 Β.
