2952 5028
673 368 815 437 332
1424 384 1909 438 Arrsumx.

665 578 1040 649 paucorum
1080 578 1198 623 vei
1198 553 1441 622 borum
1496 556 1865 623 mutatione
1915 554 1998 622 fic
2039 555 2234 625 facile
2275 559 2666 629 restitueris:

664 654 907 727 ἁλῶναί
947 685 1035 746 γε
1087 648 1178 726 οὗ
1215 656 1488 744 μεγίστη
1521 651 1880 775 συμφορά,
1896 662 2006 726 καὶ
2037 685 2190 750 γαρ
2230 653 2321 730 τό
2369 669 2665 755 φυγεῖν

664 789 744 831 ου
792 753 995 851 μικρά
1042 786 1204 846 τις,
1254 767 1366 828 καὶ
1402 754 1474 831 τό
1524 766 1752 854 φυγεῖν
1778 751 1880 852 ἐφ
1926 756 2126 842 ου’τως
2168 755 2270 831 dr.
2295 756 2411 857 οἷφ.
2470 770 2663 836 Haec

661 891 821 936 cum
859 866 1275 956 sequentibus
1312 868 1563 955 optime
1606 866 2000 955 nonspilant.
2024 903 2130 917 --
2211 858 2661 952 Ib.1.28.2¹2';

658 963 788 1058 γάρ
834 995 938 1051 τις
981 961 1065 1047 ὥς
1103 970 1411 1039 πλεῖστον
1450 960 1812 1061 ἐφέστηκεν
1854 966 2098 1057 αἰτίας,
2159 965 2404 1055 ταύτην
2444 971 2506 1040 εἰ
2540 969 2659 1040 λά-

655 1076 793 1165 βου
826 1064 1180 1164 ἄρατοῦντι
1225 1064 1305 1140 τὸ
1357 1068 1629 1182 πρᾶγμα
1680 1063 2039 1163 ἀφόρητον.
2143 1075 2279 1143 Scr-
2319 1100 2563 1159 ταυτην
2602 1075 2661 1147 εἰ

655 1170 901 1263 λάβοι,
951 1178 1086 1242 καὶ
1132 1170 1587 1264 κρατοῦντι
1633 1166 1713 1245 τό
1759 1200 1872 1263 πρ.
1916 1167 2034 1267 οἷφ.

804 1283 878 1348 Ρ.
916 1281 955 1346 8
969 1303 1004 1394 7
1021 1279 1152 1345 4.1
1170 1300 1237 1367 9.
1282 1281 1362 1348 de
1395 1281 1710 1369 Lycurgo
1751 1291 2048 1346 oratore:
2121 1283 2233 1346 καὶ
2297 1309 2392 1360 τις
2452 1277 2660 1363 ου’τως

657 1374 1057 1503 ὄψιμαθης,
1139 1375 1316 1459 ὅςτις
1388 1371 1503 1448 οὖν
1560 1377 1749 1462 ἥκουέ
1795 1407 1875 1449 τι
1939 1376 2281 1471 καινόν,
2353 1390 2469 1452 καὶ
2531 1380 2655 1455 τόν

590 1524 596 1531 ·
653 1480 943 1575 τρόπον,
998 1476 1050 1576 ᾧ
1094 1508 1211 1552 τον
1249 1478 1454 1552 υπνον
1483 1484 1843 1553 διέκοπτεν.
1921 1487 2056 1552 Ser.
2087 1481 2264 1567 όςτις
2310 1481 2427 1556 οὐκ
2458 1487 2652 1570 ἤκουε

652 1582 748 1657 τό
796 1587 1246 1656 κλινίδιον.
1314 1588 1645 1659 Plutarch.
1679 1590 2186 1657 Vit.01·att.--
2233 1593 2300 1657 P.
2337 1595 2505 1684 878.
2537 1617 2649 1709 17.

649 1696 765 1760 καὶ
811 1692 1039 1778 μηδεὶς
1091 1681 1499 1776 οἷγνοεὶτω
1542 1716 1618 1759 το
1664 1694 1875 1779 τέλος,
1944 1683 2091 1761 ἄλλ’
2134 1719 2192 1761 ει
2232 1686 2326 1778 μή
2372 1688 2449 1764 τό
2490 1689 2650 1782 βού-

646 1799 860 1882 λευμα
896 1787 1094 1880 λόγον
1136 1786 1264 1882 εἶχέ
1297 1817 1462 1862 τινα.
1542 1796 1593 1864 F
1596 1796 1859 1862 ortass‘e
1909 1801 2022 1863 καὶ
2061 1822 2133 1881 μ.
2188 1823 2234 1863 α
2245 1822 2400 1882 γαν
2439 1825 2529 1867 νο
2546 1825 2652 1867 ει·

648 1924 752 1968 τω
788 1923 869 1967 το
935 1923 990 1965 τ.
1044 1922 1126 1964 ne
1163 1898 1310 1987 quis
1355 1898 1646 1964 nimium
1688 1899 1761 1965 in
1801 1899 1932 1967 hac
1975 1922 2047 1967 re
2085 1900 2350 1971 exitum
2394 1916 2650 1992 urgeat,

647 2026 845 2095 quem
889 2003 1060 2069 illud
1098 2001 1444 2069 confilium
1487 2002 1764 2089 habuit,
1841 2003 1949 2070 fed
1995 2005 2124 2072 hoo
2165 2017 2476 2094 tantum,
2555 2031 2646 2074 an

648 2131 785 2177 non
814 2108 1102 2196 prudens
1139 2105 1341 2172 suerit
1387 2107 1731 2174 confilium
1762 2106 2005 2194 ipsum.
2083 2107 2183 2174 Cf.
2219 2132 2284 2225 Ρ.
2315 2112 2406 2177 88
2426 2135 2446 2176 ι
2466 2161 2483 2176 .
2535 2134 2643 2178 12.

646 2246 755 2264 -—
803 2213 884 2277 In
911 2212 1050 2278 ead.
1087 2232 1233 2300 pag.
1265 2211 1308 2276 l.
1351 2231 1464 2320 2⁹1.
1506 2202 1671 2277 πότε
1720 2200 1779 2276 δ’
1824 2202 1927 2278 ἀν
1969 2201 2009 2277 ὁ
2049 2204 2372 2296 Διομήδης
2419 2205 2643 2281 ’oa-vo

555 2358 565 2367 ·
644 2318 761 2382 σέα
809 2317 850 2381 λ
866 2305 1120 2400 αβών,
1192 2301 1277 2379 τοὶ
1319 2306 1446 2379 τῶν
1499 2311 1829 2399 πολεμίων
1881 2314 2204 2406 ἐσκέψατο
2257 2309 2638 2408 πράγματα,

646 2412 854 2487 ου’τω
893 2420 1005 2483 καὶ
1058 2414 1305 2506 Τροίαν
1354 2410 1657 2497 ‘minuc
1716 2408 2231 2506 παρεστήσαντο.
2344 2423 2639 2488 Lenibus

645 2523 1042 2612 quibusdam
1087 2521 1575 2588 mutationibus
1623 2522 1906 2609 corrige.
1973 2512 2138 2591 πότε
2193 2511 2252 2588 δ’
2311 2514 2411 2591 αὗ
2478 2519 2516 2593 ὁ
2552 2529 2668 2598 Δ..

638 2618 947 2693 Ὀδυσσέα
1005 2614 1444 2707 συλλαβών
1500 2617 1617 2713 (cf.
1659 2648 1732 2736 Ρ.
1761 2625 1928 2715 942.
1966 2648 2031 2715 7.
2078 2648 2248 2718 997.
2286 2653 2348 2719 7.
2423 2632 2638 2698 netz.

639 2732 718 2798 in
750 2729 1074 2797 Posthom.
1120 2752 1182 2795 v.
1220 2718 1418 2816 602.)
1478 2752 1563 2793 τα
1609 2721 1735 2796 τῶν
1786 2751 1858 2796 π.
1900 2730 2029 2795 ἕσκ.
2097 2754 2241 2820 πρ.,
2307 2725 2465 2823 ὅτῳ
2524 2737 2637 2802 καὶ

651 2838 764 2922 Τρ.
802 2826 979 2901 ‘m
1044 2854 1202 2920 παρ.
1279 2854 1414 2921 quo
1460 2843 1690 2898 autem
1728 2844 2027 2923 tempore
2067 2826 2315 2922 (nonne
2352 2848 2555 2903 noctu
2571 2830 2636 2927 ?)

638 2939 1018 3023 Diomedes,
1050 2932 1273 3023 Ulyss'e
1300 2934 1607 3022 affumto,
1632 2935 1921 3008 hostium
1947 2960 2047 3003 res
2073 2940 2471 3027 exploravit,
2496 2966 2633 3031 qua

638 3042 1059 3134 expeditione
1094 3039 1302 3106 etiam
1335 3038 1589 3108 factum
1617 3040 1739 3118 est,
1798 3052 1879 3106 ut
1905 3040 2147 3109 Graeci
2190 3042 2471 3110 Troiam
2510 3046 2634 3111 do-

636 3136 954 3212 marent?
981 3177 1087 3194 --
1170 3144 1241 3211 Ρ.
1279 3143 1446 3212 883.
1500 3146 1570 3210 3.
1628 3132 1803 3215 αλλᾶ
1856 3134 2163 3210 δεδόσθω
2231 3169 2425 3214 τουτο
2489 3170 2628 3215 υπο

638 3245 753 3331 τῆς
788 3239 1000 3328 λυπης
1042 3236 1449 3334 αμαρτάνειν
1490 3240 1612 3313 τοῦ
1657 3238 2121 3334 προςὴκοντος,
2181 3251 2245 3315 οἱ
2302 3251 2371 3330 δὲ
2394 3244 2631 3332 ’Έλλη-

635 3376 740 3430 νες
780 3344 1198 3421 δοκονσιυ
1245 3340 1343 3415 ἂν
1381 3340 1516 3460 ὦςη
1543 3351 1700 3440 πρὶν
1761 3342 1873 3417 ότι
1932 3354 2067 3429 τοῖς
2112 3346 2426 3440 α’ρχουσιν
2480 3344 2630 3443 0295-

540 3445 543 3452 ’
634 3477 783 3521 σκει
826 3456 1111 3540 μαθεῖν,
1161 3446 1633 3540 συναγορεῦσαι
1686 3447 1776 3543 τῷ
1834 3454 2103 3544 γέροντι.
2215 3458 2629 3547 Legendazu,

636 3559 712 3627 ni
738 3561 967 3625 fallor:
1018 3559 1083 3626 οἱ
1118 3555 1187 3621 δὲ
1210 3550 1514 3638 ’Έλληνες
1561 3556 2077 3632 δοκείτωσαν
2121 3563 2278 3647 πρὶν
2317 3554 2359 3630 ὅ
2399 3585 2524 3629 τι.
2561 3610 2626 3629 ..

632 3665 904 3751 μαθεῖν.
932 3696 1038 3710 ·--
1099 3662 1173 3728 Ρ.
1207 3661 1375 3752 887.
1413 3683 1521 3726 ιι.
1574 3651 1616 3727 o‘
1659 3655 1815 3738 νοῦς
1855 3686 1926 3727 τι·
1973 3688 2019 3728 α
2082 3687 2154 3729 τε
2196 3661 2623 3753 ἐπεχείρησεν.

634 3770 776 3835 Ser.
808 3756 1000 3852 γνούς
1039 3787 1131 3833 τε.
1156 3799 1265 3815 --
1326 3765 1398 3830 Ρ.
1434 3786 1610 3856 902.
1648 3765 1762 3831 24.
1799 3754 1843 3845 ἦ
1880 3755 2082 3856 φύσις
2123 3757 2293 3852 αυτή
2335 3767 2627 3853 διαλέγω-

633 3896 753 3939 ται
798 3864 970 3938 πᾶσι
1019 3890 1137 3946 την
1185 3864 1480 3957 πατρίδα
1533 3871 1893 3935 ποιεῖσθαι
1944 3893 2115 3954 μετα
2182 3894 2334 3950 τους
2384 3866 2619 3952 θεούς.

628 3977 772 4046 Ser.
796 3967 839 4058 ἡ
868 3999 938 4068 φ.
966 3994 1134 4053 αυτη
1177 3961 1273 4049 νή
1313 3969 1461 4038 Aia
1500 3974 1725 4055 λέγει
1767 3964 2039 4038 ἅπασι
2087 3962 2254 4051 τήν..
2278 3975 2418 4041 ..Ρ
2445 3978 2619 4092 933.

646 4100 705 4146 1.
718 4100 867 4162 την
901 4079 976 4146 δέ
1021 4099 1094 4164 γε
1138 4072 1408 4143 Μυσίαν
1461 4066 1736 4166 Τρωάδα
1782 4075 2159 4162 νομίσαντες
2174 4124 2195 4165 ,
2263 4071 2625 4165 ἐπιβαντες
