2952 5028
931 361 1026 410 m
1100 360 1641 413 tumtunm.
2232 368 2274 444 7

269 532 458 622 quod
494 529 898 618 Sophoclem
941 542 1005 596 et
1044 530 1438 622 Euripidem
1478 534 1566 603 ad
1604 503 2059 625 perfectiffima
2099 536 2273 605 Tra-

269 638 459 724 gicae
514 636 844 702 Camenae
906 636 1316 724 exemplaria
1391 638 1797 706 efformanda
1859 640 2265 711 excitaverit.

100 782 109 788 ,
240 743 509 828 ·Nequc
554 736 740 803 enim
782 735 852 801 hi
882 736 1010 804 fine
1049 739 1170 806 illo
1215 739 1391 805 tanti
1419 740 1706 809 scenicae
1735 737 1995 810 Poeseos
2035 757 2267 812 aucto·

262 867 372 913 res
401 862 700 932 unquam
724 838 1068 907 evafflrent.
1141 841 1220 910 In
1250 844 1850 933 comparationibus
1876 846 2264 916 huiusmodi

264 945 685 1013 instituendis
717 941 970 1031 semper
999 944 1534 1034 meminerimus,
1596 949 1744 1040 quis
1785 950 1900 1017 cui
1944 953 2265 1039 temporie

263 1050 500 1117 ordine
532 1045 948 1138 praecesserit.
1047 1048 1272 1116 Maior
1302 1050 1504 1118 Poeta
1543 1049 1662 1120 effe
1701 1052 1923 1142 potuit
1965 1051 2263 1143 Aeschy-

262 1157 410 1240 lus3
471 1152 575 1221 sed
606 1150 912 1217 meliores
949 1148 1210 1217 fabulae
1252 1153 1534 1221 docuere
1560 1155 1915 1245 Sophocles
1948 1167 2016 1222 et
2058 1158 2263 1224 Euri-

261 1258 473 1347 pides.
602 1253 780 1322 Satis
824 1252 1144 1344 superque
1196 1256 1449 1342 gloriae
1488 1256 1576 1323 est
1631 1257 1766 1344 isti,
1847 1260 2260 1349 Tragoediae

260 1372 524 1450 patrem
565 1381 644 1426 ac
688 1356 1062 1447 principem
1117 1358 1379 1448 vocari,
1453 1383 1662 1450 quam
1698 1374 1924 1430 tamen
1963 1364 2254 1452 gloriam

257 1463 492 1550 infigni
523 1459 835 1528 modestia
867 1462 1276 1549 cumulavit,
1316 1486 1471 1530 cum
1506 1464 1577 1532 in
1603 1463 1903 1556 sepulcro
1937 1465 2055 1534 suo
2086 1490 2250 1534 non-

259 1569 383 1634 nifi
430 1564 889 1633 Marathoniae
925 1587 1190 1655 pugnae
1222 1565 1282 1634 se
1326 1566 1599 1633 adfuisse
1607 1611 1635 1649 ,
1710 1569 1938 1662 ibique
1984 1570 2254 1641 fortiter

258 1671 324 1738 se
351 1670 579 1758 gessiss'e
590 1716 616 1751 ‚
661 1689 1188 1736 commemorare
1226 1671 1467 1737 voluit.

412 1775 588 1842 Cum
630 1773 982 1862 aequitatis
1028 1783 1095 1838 et
1144 1773 1587 1840 humanitatis
1623 1773 1773 1861 lex,
1835 1786 1915 1845 ut
1957 1775 2248 1865 ingenuo

252 1879 510 1968 pudore
576 1900 696 1966 per
773 1899 938 1966 quoa
1018 1876 1396 1964 profecerit,
1486 1877 1758 1969 quisque
1829 1880 2247 1970 profiteatur,

250 1981 653 2071 praecipiat,
717 1980 1072 2070 Sophocles
1116 1974 1535 2071 Aeschylum
1574 1978 1835 2050 summa
1877 1984 2243 2052 reverentia

108 2134 111 2135 ν
250 2085 508 2172 semper
536 2082 828 2163 colebat,
876 2084 1289 2174 gloriamque
1333 2082 1524 2151 suam
1566 2084 1666 2151 illi
1708 2098 2048 2177 acceptam
2078 2085 2248 2154 refe-

245 2187 458 2255 rebat.
554 2182 933 2276 'Euripides
979 2210 1137 2254 vero
1191 2185 1435 2274 ingrati
1475 2186 1553 2251 in
1591 2187 1978 2273 magistrum
2014 2199 2081 2253 et
2118 2191 2248 2255 du·-

253 2314 407 2358 cem
460 2289 656 2357 suum
710 2288 908 2355 animi
954 2290 1235 2355 crimine
1306 2286 1553 2356 absolvi
1592 2289 1841 2378 nequit.
1969 2290 2241 2379 Saepius

245 2395 431 2462 enim
471 2394 546 2459 in
588 2393 940 2481 tragoediis
981 2390 1109 2458 suis
1150 2391 1473 2482 Aeschyli
1518 2391 1923 2481 imperitiam
1970 2393 2238 2484 oblique

241 2510 311 2566 et
356 2496 670 2567 invidiose
697 2494 1095 2587 perstringit.
1195 2495 1607 2587 Aeschylus,
1654 2520 1814 2565 cum
1851 2521 2001 2566 eam
2037 2484 2235 2567 fabu'-

242 2607 382 2669 lam
404 2652 427 2689 ,
479 2602 590 2669 cui
617 2602 886 2691 Septem
925 2613 1157 2667 contra
1199 2599 1463 2667 Thebae
1499 2599 1784 2669 titulum
1814 2595 2005 2688 fecit,
2075 2600 2234 2669 scri-

242 2708 471 2791 bebat,
514 2707 586 2772 in
620 2706 866 2795 septem
896 2702 1375 2772 Thebanorum
1415 2704 1692 2789 ducum,
1738 2728 1904 2795 quoa
1934 2706 2232 2772 Eteoclea

238 2809 516 2877 totidem
555 2805 830 2897 Argivis
867 2807 1148 2874 ducibus
1181 2829 1370 2897 pares
1394 2806 1789 2894 designaret,
1850 2806 2229 2895 descriptio-

240 2938 324 2981 ne
366 2912 668 2980 maxime
707 2910 1090 2980 elaboravit.
1200 2910 1403 2976 Hunc
1444 2911 1707 2995 locum,
1769 2931 1925 2978 cum
1968 2909 2224 2976 imitari

237 3019 300 3084 se
331 3017 504 3105 poss'e
538 3039 679 3083 non
707 3016 988 3107 speraret
1014 3011 1400 3101 Euripiden,
1438 3012 1691 3100 frigido
1718 3012 1866 3077 ioco
1899 3011 1973 3077 in
2007 3012 2222 3078 Phoe-

234 3121 406 3189 niffis
447 3121 692 3192 irridet,
806 3119 978 3185 Sunt
1013 3129 1080 3183 et
1107 3118 1236 3183 alia
1264 3117 1449 3202 loca,
1487 3115 1582 3216 ¹in
1621 3114 1858 3206 quibus
1895 3112 2216 3203 Aeschyli

231 3227 483 3292 samam
515 3221 814 3311 ma'ligno
851 3223 1046 3289 dente
1073 3219 1342 3292 arrodit.
1419 3218 1546 3288 Sed
1588 3219 1757 3287 haec
1795 3217 1985 3292 missa
2013 3219 2269 3286 sacia-8

231 3351 386 3395 mus
403 3377 424 3415 ,
466 3338 532 3395 et
562 3328 646 3394 ad
677 3327 748 3392 id
775 3325 957 3414 quod
984 3324 1205 3413 potius
1236 3344 1416 3390 nunc
1443 3321 1639 3390 instat
1653 3372 1674 3407 ,
1717 3335 2209 3390 convertamur.

229 3434 429 3503 Adeo
456 3452 691 3499 verum
728 3428 815 3495 est
830 3475 852 3515 ,
938 3430 1117 3519 quod
1152 3425 1316 3495 olim
1361 3426 1599 3494 cecinit
1640 3426 1990 3496 Hesiodus:
2071 3448 2210 3495 non

222 3537 447 3603 solum
487 3534 773 3623 figulum
816 3532 1056 3622 figulo,
1119 3542 1187 3599 et
1214 3531 1488 3599 fabrum
1509 3530 1747 3620 fabro,
1798 3528 1905 3597 sed
1940 3541 2222 3621 poetam-

221 3651 455 3729 poetae
500 3638 813 3705 invidere.

377 3741 656 3809 Cautius
692 3740 1024 3828 agendum
1050 3735 1176 3821 est,
1226 3747 1292 3803 et
1316 3734 1646 3804 difficilius
1673 3735 2027 3814 discrimen
2057 3734 2207 3802 sub-

217 3847 515 3915 eundum
531 3894 553 3932 ,
599 3845 648 3910 fi
682 3841 1071 3934 Sophoclem
1112 3851 1177 3906 et
1204 3838 1602 3928 Euripidem
1632 3839 1807 3908 inter
1847 3840 1908 3907 se
1935 3862 2207 3928 compa·

216 3972 368 4017 rare
431 3950 731 4019 velimus.
876 3946 1169 4036 Uterque
1228 3943 1410 4009 enim
1474 3944 1770 4036 propriis
1837 3943 2202 4013 virtutibus

214 4054 430 4120 elucet
443 4101 467 4140 ,
522 4066 589 4119 et
620 4051 665 4117 fi
706 4072 833 4140 qua
872 4048 1038 4119 vitia
1082 4047 1428 4136 Euripides
1459 4049 1690 4132 habet,
1755 4049 1995 4139 quibus
2035 4046 2203 4110 alter

213 4168 436 4247 caret,
495 4153 754 4243 magnis
797 4176 876 4223 ea
910 4152 1104 4223 bonis
1135 4151 1429 4223 redimit.
1542 4153 1899 4245 Sophocles
1936 4148 2195 4215 nullam
