2952 5028
17 4013 20 4030 ?
17 3979 19 4002 -
17 3731 18 3734 „

934 417 1025 464 IN
1090 400 1670 465 ATHENAEUM.
1752 460 1756 467 „
2161 421 2296 491 ¹07

421 588 552 673 „2³
599 574 718 653 τὸν
752 575 984 671 βόλοις
1033 577 1461 678 νιφοκτύποις
1512 581 1934 673 δυσχείμερον

417 680 708 758 Ναίονθ’
753 690 931 774 ἕδος,
973 683 1322 809 θηρονόμε
1366 681 1557 774 Πάν,
1602 678 1809 774 χθόν
1833 679 2189 808 Ἀρκάδων,

413 787 655 885 Κλὴσω
700 786 922 883 γραφῇ
963 784 1100 884 τὴδ
1143 794 1211 856 ἐν
1257 788 1465 883 σοφῇ,
1516 781 1850 876 πάγκλειτ’
1889 790 2011 872 ἔπη

418 898 740 978 Συνθεὶς,
793 891 992 981 ἄναξ,
1054 887 1136 960 δι’
1122 915 1429 979 σγνωστα
1475 886 1569 980 ιιή
1631 900 1861 984 σοφοῖς
1906 887 2159 980 κλύειν,

420 989 825 1066 Μουσοπόλε
878 992 1053 1086 θήρ,
1107 991 1464 1095 κηρόχυτον
1504 995 1578 1075 ὃς
1619 998 1766 1082 μείλ
1748 987 1902 1083 .ἰγμ.
1937 1001 2070 1076 ἱεῖς.

314 1102 426 1168 Sic
458 1106 595 1187 *lege
623 1114 686 1166 et
715 1102 1178 1190 interpretare,
1234 1105 1371 1189 Qui
1401 1103 1759 1168 melodiam
1800 1124 1836 1166 e
1859 1099 2095 1193 fistula
2142 1100 2312 1165 ceris

318 1218 672 1295 compacta
725 1207 1044 1272 excitasf‘
1165 1207 1389 1296 Vulgo
1426 1197 1691 1272 ναίονθ
1729 1195 1883 1282 ὁδός
1921 1241 2028 1257 --
2069 1195 2314 1284 Κλησω

319 1304 537 1399 γραφῆ
579 1304 730 1400 τῇδε
769 1330 943 1401 σοφη
991 1300 1302 1394 πάγκλυτ
1342 1333 1464 1390 &nn
1721 1307 2138 1396 κηροχίτωνο,
2178 1305 2316 1390 μεί-

320 1403 496 1495 λιγμ.
534 1413 664 1488 ἱεὶς.
740 1407 1005 1499 ΡοςΙὸη.
1040 1414 1366 1504 Supplem.
1396 1413 1688 1504 Praeflzt.
1733 1413 1829 1479 ad
1872 1413 2110 1505 Eurip.
2140 1415 2315 1478 Hec.

321 1542 385 1606 ρ.
422 1514 683 1582 XXIX.
720 1510 1069 1604 κηρόδετος
1117 1519 1409 1602 καλαμος
1450 1509 1681 1593 Πανός
1724 1516 1812 1581 est
1858 1520 2039 1604 apud
2079 1515 2313 1602 Eun-ip.
2390 1546 2395 1555 ·

326 1619 467 1707 Iph.
502 1621 710 1685 Taur.
745 1644 768 1683 1
795 1623 955 1686 132.
995 1621 1111 1686 ubi
1139 1622 1314 1687 male
1349 1622 1662 1706 vulgatur
1688 1618 2050 1708 κηροδέτας.
2104 1621 2318 1685 Istius·
2362 1672 2367 1679 .

323 1723 507 1788 modi
551 1724 731 1788 enim
785 1725 1301 1812 compofitorum
1355 1724 1536 1791 casus
1577 1736 1793 1790 rectus
1836 1722 2088 1812 semper
2128 1724 2199 1789 in
2245 1746 2317 1797 ος

323 1826 575 1894 definit.
677 1827 1050 1915 Aeschylus
1100 1829 1349 1894 Edonis
1388 1830 1567 1917 apud
1611 1828 1857 1895 Athen.
1886 1827 2006 1895 XI.
2047 1851 2116 1915 p.
2152 1830 2238 1916 47
2255 1849 2319 1914 9.

324 1934 395 2000 C.
437 1930 731 1995 Eustath.
781 1934 866 1997 ad
907 1934 1184 1997 Homer.
1224 1933 1416 1997 Iliad.
1457 1936 1546 2000 X.
1579 1956 1643 2020 p.
1691 1956 1715 1995 1
1739 1933 1902 1997 282.
1953 1924 2022 1998 Ὁ
2063 1930 2129 1995 δὲ
2158 1931 2319 2017 χαλ-

324 2034 616 2110 κοδέτοις
661 2029 967 2111 κοτύλαις
1014 2025 1253 2118 ὀτοβεῖ.
1318 2034 1436 2100 ubi
1474 2037 1647 2100 male
1674 2035 1836 2123 legit
1865 2028 2318 2123 χαλκοθρόοις

325 2140 441 2205 Ios.
478 2137 762 2223 Scaliger
796 2137 1099 2222 Castigat.
1135 2139 1209 2201 in
1237 2138 1483 2203 Catull.
1523 2139 1603 2202 ΙΙ.
1648 2160 1711 2224 p.
1749 2138 1865 2225 69.

482 2239 575 2304 X.
622 2263 685 2327 p.
722 2238 810 2305 45
824 2241 889 2306 6.
946 2243 1017 2305 Β.
1054 2241 1119 2304 6.
1220 2231 1392 2328 φυήν
1416 2263 1544 2328 pro
1576 2231 1783 2331 φύσιν
1812 2263 1898 2303 ex
1929 2249 2323 2326 argumento

328 2341 644 2412 Phoeniss'.
693 2343 835 2408 Em
836 2343 996 2431 ipid.
1026 2341 1536 2417 Valckeuaerius
1584 2368 1649 2431 p.
1682 2342 1933 2410 XXIV.
2038 2334 2166 2431 (H.
2195 2338 2321 2435 D.)

479 2446 571 2510 X.
618 2469 681 2535 p.
716 2448 881 2514 458.
926 2447 998 2512 C.
1105 2445 1513 2537 Anonymus
1553 2445 2116 2537 lambographus:
2360 2452 2477 2513 123

428 2542 654 2640 Σοφός
700 2552 884 2617 ἐστιν
928 2543 966 2617 o‘
1008 2552 1216 2641 φέρων
1256 2543 1432 2618 uino
1484 2547 1596 2631 τῆς
1642 2544 1840 2640 τύχης
1887 2548 2113 2630 καλῶς.

328 2647 440 2733 τῆς
454 2648 802 2744 supplevit
831 2649 1179 2741 Porsenae.

480 2861 627 2948 Lib.
659 2861 785 2928 XI.
830 2885 892 2949 p.
928 2862 1093 2930 460.
1142 2864 1219 2928 Ε.
1322 2858 1632 2927 Eubulus)
1664 2861 1878 2927 Leda:

889 2957 1167 3053 ὡσπερεὶ
1216 2955 1507 3043 σπονδήν
1557 2955 1786 3039 διδους

427 3057 531 3133 Ἐν
577 3062 666 3157 τῷ
713 3068 1004 3159 κυλικείῳ
1048 3069 1427 3154 συντέτριφε
1476 3057 1563 3131 τα
1613 3060 1918 3150 ποτήρια.

332 3170 463 3236 Pro
491 3162 716 3260 ὥσπερ
745 3192 857 3237 σπ.
888 3171 948 3236 δ.
1054 3170 1236 3236 Idem
1265 3168 1577 3235 Psaltria:
1626 3169 1882 3255 forsan,

1078 3264 1163 3338 τα
1207 3275 1493 3346 κυλικεῖα
1542 3273 1612 3338 δὲ

436 3362 723 3465 Ἕξεῦρεν
761 3366 932 3459 ἡμῖν.

489 3478 603 3545 ΧΙ.
656 3502 722 3567 Ρ.
763 3479 930 3545 460.
982 3480 1052 3546 F.
1151 3479 1458 3546 Cratinus
1490 3478 1755 3544 Iunior:

1000 3580 1347 3675 πολλοστῷ
1399 3574 1458 3648 δ
1507 3581 1639 3648 ἔτει

441 3675 542 3753 Ἐκ
592 3676 719 3750 τῶν
768 3684 1098 3771 πολεμίων
1138 3680 1345 3755 οἴκαδ
1387 3681 1585 3772 ήκων,
1645 3688 1990 3773 συγγενεῖς,

443 3792 588 3857 Καὶ
628 3781 1002 3879 φράτορας,
1050 3794 1162 3855 και
1208 3783 1503 3877 δημότας
1543 3781 1746 3878 ευρών
1791 3783 1985 3874 μόλις

442 3887 561 3968 Εἰς
607 3885 683 3957 το
731 3894 1046 3964 κυλικεῖον
1091 3894 1485 4008 ενεγραφην·
1549 3886 1587 3960 ὁ
1633 3885 1788 3970 Ζευς
1832 3894 1980 3978 εμοὶ

423 3988 719 4084 ’Ἐρκειος
767 3994 909 4062 ἔστι
948 3990 1347 4113 φρατόριος·
1400 4017 1487 4066 τα
1531 4000 1677 4078 τέλη
1727 3993 1907 4063 τελῶ.

347 4090 702 4185 ἐνεγράφην
731 4123 856 4187 pro
883 4093 1186 4192 ἐγράφην.
1264 4104 1511 4171 Confer
1538 4102 1793 4170 Alexin
1823 4099 1944 4165 IX.
1976 4121 2037 4185 Ρ.
2073 4098 2240 4188 379.
2269 4099 2343 4168 Β.

352 4191 802 4293 ἐνεγράψαντο
845 4206 910 4282 ἐς
947 4196 1242 4284 σπονδας
1284 4230 1373 4274 ex
1401 4209 1548 4276 MS.
1579 4228 1737 4272 cum
1763 4204 2098 4292 Stephano
2128 4204 2343 4291 legen-
