2952 5028
700 367 746 435 6
1390 379 1984 432 ΡΒΑΕιεοτιο

706 553 1017 641 aequiora
1056 552 1300 619 iudicia
1329 573 1529 641 quam
1557 550 1708 617 suae
1733 551 1963 616 aetatis
2008 562 2323 639 expertus
2353 549 2458 616 est.
2539 556 2696 637 Qua

705 658 781 733 in
809 678 883 725 re
911 657 1087 723 mira
1117 656 1438 747 quaedam
1469 655 1647 721 inter
1675 677 1832 721 eum
1876 666 1940 719 et
1967 653 2533 739 diligentiffimum
2561 658 2699 722 eius

706 761 1148 845 imitatorem,
1199 760 1677 843 Menandrum,
1727 757 2069 824 intercedit
2098 758 2476 824 similitudO.
2546 761 2698 827 Me-

709 865 965 932 nandro
1004 865 1222 949 enim,
1280 861 1428 928 teste
1471 861 1892 944 Quintiliano
1912 904 1935 938 ,
2011 861 2235 949 pravis
2277 863 2503 927 aetatis
2544 863 2581 929 s
2578 887 2701 929 uae

711 967 1038 1055 suffragiis
1079 966 1260 1054 saepe
1286 966 1618 1053 praelatus
1645 964 1732 1030 est
1762 964 2138 1032 Philemon.
2239 965 2363 1033 Sed
2395 967 2699 1055 iniquam

709 1071 905 1138 istam
953 1068 1250 1135 iudicum
1290 1068 1567 1134 suorum
1620 1067 1999 1147 sententiam
2054 1067 2212 1134 adeo
2254 1068 2455 1135 nihili
2500 1070 2702 1136 facie-

711 1175 825 1240 bat
878 1171 1282 1257 Menander,
1381 1183 1461 1237 ut·
1504 1171 1858 1262 aliquando
1916 1172 2258 1237 aemulum
2311 1172 2506 1241 suum
2560 1173 2703 1265 post

712 1275 848 1343 eius
897 1275 1252 1343 victoriam
1287 1274 1459 1342 forte
1499 1273 1773 1343 obvium
1819 1274 2289 1361 interrogaret,
2351 1277 2595 1344 Nonne
2633 1289 2702 1345 te

716 1380 962 1469 pudet,
998 1378 1247 1470 inquit,
1272 1378 1650 1446 ‘Philemon
1670 1422 1695 1456 ‚
1745 1400 1854 1445 me
1893 1378 1964 1443 in
2008 1372 2350 1444 comoedia
2391 1373 2701 1446 vincere?

716 1484 979 1550 Narrat
1006 1480 1332 1550 Aelianus
1367 1483 1761 1573 Euripidem
1780 1531 1801 1568 ,
1829 1550 1836 1556 ,
1860 1503 2015 1548 cum
2051 1481 2554 1548 Andromedam
2584 1485 2705 1549 do-

716 1597 923 1673 oeret,
971 1587 1259 1676 aliasque
1297 1587 1456 1650 duas
1485 1585 1886 1673 tragoedias,
1926 1608 1965 1649 a
2007 1583 2297 1654 Xenocle
2327 1584 2535 1652 nescio
2568 1611 2704 1674 quo

717 1676 1106 1777 lbperatum
1131 1686 1267 1756 effe.
1342 1688 1497 1756 Hoc
1522 1688 1776 1757 iudicio
1799 1690 2233 1774 vehementer,
2281 1701 2359 1755 ut
2386 1713 2512 1778 par
2542 1703 2705 1776 erat,
2770 1735 2779 1746 ·

718 1792 1028 1860 irascitur
1072 1791 1418 1876 Aelianus,
1482 1805 1549 1858 et
1593 1792 1838 1865 iudices
1878 1803 1998 1857 aut
2054 1792 2519 1859 indoctiffimos
2565 1793 2703 1877 effe,

719 1907 838 1961 aut
874 1886 1094 1986 ¹pretio
1126 1907 1471 1984 corruptos
1487 1944 1508 1982 ,
1568 1896 1714 1961 iure
1746 1894 2163 1984 pronunciat.
2274 1896 2399 1961 Sed
2436 1897 2707 1985 Euripi-

718 2000 832 2066 des
856 1999 1168 2066 unanimi
1200 1999 1511 2065 omnium
1545 1998 1953 2088 posterorum
1985 1997 2291 2065 sententia
2319 1996 2708 2088 inter2prin-

713 2104 900 2192 cipes
953 2101 1184 2171 saltem
1223 2102 1669 2188 Tragicorum
1708 2115 2057 2194 poetarum
2111 2103 2344 2168 merito
2383 2101 2498 2169 suo
2541 2105 2707 2169 rela-

720 2219 828 2273 tus
851 2206 974 2292 est3
1016 2218 1082 2272 et
1120 2206 1167 2272 fi
1193 2207 1297 2274 vel
1326 2205 1706 2272 inferiorem
1734 2231 1890 2273 eum
1921 2205 2262 2294 Aeschylo
2293 2217 2360 2272 et
2386 2207 2709 2296 Sophocle

719 2308 843 2376 effe
886 2310 1293 2395 largiamur,
1373 2330 1509 2373 non
1549 2309 1787 2393 exigua
1825 2310 2075 2395 gloriae
2115 2332 2267 2394 pars
2308 2309 2512 2375 suerit
2551 2334 2708 2376 cum

719 2410 966 2479 talibus
1011 2411 1335 2497 tantisque
1367 2410 1753 2475 adversariis
1793 2409 2195 2474 contendisse.

886 2510 1149 2579 Verum
1176 2512 1520 2577 enimvero
1534 2558 1555 2593 ‚
1611 2523 1690 2577 ut
1719 2512 1896 2602 quod
1938 2510 2136 2576 sentio
2152 2559 2172 2596 ,
2230 2508 2432 2580 libere
2474 2511 2709 2595 fatear,

722 2612 843 2702 qui
883 2612 1300 2702 Aeschylum
1327 2613 1640 2702 Sophocli
1680 2627 1744 2680 et
1788 2613 2101 2702 Euripidi
2139 2614 2552 2706 praeferunt,
2609 2644 2712 2686 er-

592 2724 607 2736 ⁸
721 2740 878 2784 rore
915 2716 1307 2804 ignoscendo
1336 2707 1641 2805 quidem,
1695 2718 1803 2785 sed
1828 2741 2049 2785 errore
2091 2729 2352 2803 tamen,
2421 2734 2500 2786 ut
2538 2725 2711 2790 mihi

727 2819 1022 2906 videtur,
1088 2821 1424 2888 labuntur.
1548 2821 1883 2891 Excusari
1928 2833 2150 2887 autem
2193 2820 2388 2890 facile
2428 2825 2710 2914 poss'unt,

726 2939 1072 3016 propterea
1104 2926 1284 3014 quod
1308 2947 1495 2994 error
1532 2947 1768 2991 eorum
1796 2945 1881 2991 ex
1912 2925 2088 3012 grati
2125 2925 2335 2992 animi
2364 2939 2430 2993 et
2466 2931 2711 2998 amoris

729 3051 884 3115 erga
908 3030 1281 3116 tragoediae
1296 3040 1553 3117 patrem
1575 3029 1986 3095 abundantia
2001 3015 2453 3118 proficiscitur.
2496 3033 2729 3100 Gran-v

730 3130 1095 3220 diloquam,
1132 3132 1240 3200 sed
1262 3134 1499 3198 rudem
1530 3117 1923 3200 maiestatem
1953 3147 2111 3221 prae
2142 3132 2204 3197 se
2230 3132 2454 3199 ferunt
2483 3160 2711 3204 omnes

729 3233 1052 3323 Aeschyli
1092 3236 1494 3324 tragoediae3
1582 3247 1650 3302 et
1688 3236 1736 3303 fi
1777 3234 2073 3307 cuiusvis
2128 3236 2476 3320 dramatisffi’·
2491 3249 2712 3308 totum

658 3346 698 3414 7
732 3337 1202 3426 spectabimus,
1251 3339 1505 3428 aliquid
1534 3337 1785 3429 semper
1814 3341 1900 3409 ad
1928 3341 2270 3407 summum
2301 3339 2713 3429 perfectionis

734 3440 993 3529 apicem
1022 3438 1222 3508 deesse
1249 3442 1744 3528 comperiemus.
1787 3442 1887 3508 Ita
1920 3465 2154 3530 nempe
2180 3453 2417 3510 natura
2451 3468 2714 3536 compa-

734 3545 869 3611 rati
905 3545 1165 3631 sumne,
1211 3557 1291 3611 ut
1319 3568 1557 3611 eorum
1573 3594 1594 3632 ,
1649 3548 1763 3636 qui
1796 3546 2111 3636 praeclari
2144 3547 2426 3614 alicuius
2457 3549 2712 3618 inventi

719 3659 1034 3715 >auctores
1059 3646 1444 3734 extiterunt,
1472 3649 1740 3716 honesto
1755 3647 2150 3740 praeiudicio
2179 3649 2449 3717 virtutes
2470 3652 2542 3719 in
2569 3677 2714 3719 ma·

733 3751 840 3848 inq
878 3774 1267 3840 augeamus;
1315 3753 1474 3819 vitia
1522 3755 1622 3819 vel
1649 3754 2269 3842 praeta-videamus,
2324 3758 2432 3823 vel
2455 3758 2715 3824 excuse-

735 3876 909 3940 mus,
938 3858 1045 3923 vel
1071 3854 1512 3923 defendamus.
1562 3857 1757 3924 Veris
1783 3880 2015 3924 eorum
2045 3856 2291 3921 meritis
2319 3861 2539 3928 multa
2563 3885 2716 3928 con..

736 3960 906 4026 dona
915 3982 1097 4048 mu83
1150 3959 1256 4027 sed
1285 3960 1671 4027 maximum
1695 3961 1829 4028 fere
1853 3961 2169 4028 meritum
2202 3959 2309 4048 est,
2335 3965 2541 4032 facem
2573 3967 2718 4033 aliis

742 4064 828 4129 ad
869 4074 1084 4129 artem
1116 4062 1298 4129 suam
1343 4075 1533 4128 tanto
1574 4085 1772 4152 opere
1810 4063 2270 4129 illustrandam
2312 4070 2717 4157 praeluxiss'e.

738 4166 853 4241 ob
884 4168 1009 4238 hoc
1050 4167 1266 4242 solum
1307 4163 1545 4254 dignus
1585 4165 1730 4235 esset
1777 4167 2283 4242 immortalitate
2328 4171 2714 4269 Aeschylus,
