2952 5028
569 436 708 489 vm
1034 426 1574 484 PRAEFATIO
1645 402 2172 480 Enr‘ronvrn

446 613 459 623 “
578 598 783 681 sunt.
894 600 1100 679 Satis
1158 621 1542 705 magnam
1601 590 1919 699 partem
1990 588 2656 693 observationum,

579 765 782 845 quas
842 734 1083 814 hodie
1128 743 1213 815 in
1259 737 1527 814 lucem
1580 739 2067 831 emittimus,
2124 747 2400 813 'earum
2433 760 2659 839 prae·-

578 874 845 957 sertim
886 901 1106 980 quae
1159 871 1265 953 ad
1316 875 1700 979 Tragicos
1734 867 2135 976 spectant,
2213 868 2659 951 adversariis

486 1044 493 1049 ·
579 1011 733 1094 suis
818 1007 1206 1089 Porsonus
1287 1013 1597 1088 iuvenis
1686 1010 2075 1106 illeverat,
2165 1026 2259 1085 ut
2338 1006 2661 1087 abunde

577 1176 870 1230 manus
915 1154 1084 1226 eius
1145 1143 1492 1226 testatur.
1570 1142 1693 1225 Ex
1734 1146 1858 1225 his
1893 1163 2169 1224 autem
2223 1143 2660 1225 existimare

580 1290 802 1383 licet,
876 1286 1129 1392 qualis
1194 1284 1434 1363 fuerit
1504 1290 1676 1363 eius
1735 1311 1783 1361 a
1847 1289 2181 1380 teneris,
2253 1299 2346 1358 ut
2412 1289 2660 1379 aiunt,

582 1423 1038 1539 unguiculis
1097 1421 1542 1528 diligentia,
1632 1429 1775 1528 qui
1843 1412 2174 1500 ineunte
2246 1436 2514 1497 aetate
2562 1448 2661 1496 eo

581 1567 1081 1670 pervenerit,
1143 1586 1305 1665 quo
1360 1556 1585 1639 senes
1639 1558 1930 1639 iisdem
1974 1556 2244 1637 studiis
2299 1564 2667 1637 innutriti

584 1693 966 1779 rariffirne
1030 1703 1466 1777 enituntur.
1623 1699 1941 1806 Nempe
2003 1694 2202 1775 illud
2260 1702 2347 1774 in
2401 1690 2669 1772 Porso-

584 1862 788 1916 num
867 1832 1190 1930 cecidit,
1294 1831 1516 1938 quod
1582 1833 1684 1913 de
1750 1829 2232 1940 pauciffimis
2295 1824 2670 1909 affirmari

585 1967 886 2078 potest,
949 1972 1193 2068 „Nou
1245 1987 1549 2071 aetate,
1608 2001 1881 2054 verum
1931 1977 2253 2079 ingenio
2316 1967 2669 2077 adipisci-

589 2125 726 2187 tur
784 2086 1249 2214 sapientia.“
1853 2074 1864 2091 ι

812 2246 1035 2323 Fieri
1070 2263 1348 2322 autem
1396 2238 1639 2350 poffit
1704 2252 1792 2323 in
1867 2262 2095 2323 tanta
2139 2262 2496 2351 ⁴tamque
2560 2247 2674 2328 di-

591 2374 805 2457 versa
864 2407 1132 2457 rerum
1209 2387 1478 2483 copia,
1564 2407 1715 2456 nos
1797 2382 2187 2457 nonnulla
2242 2391 2329 2460 in
2394 2386 2676 2491 vulgus

595 2511 963 2614 edidisse,
1055 2539 1264 2621 quae
1323 2532 1614 2592 auctor·
1682 2509 1885 2619 ipse,
1972 2510 2031 2593 fi
2105 2522 2192 2593 in
2250 2518 2677 2604 hominum

600 2670 842 2732 coetu
905 2648 1371 2749 versaretur,
1457 2669 1780 2730 mutata
1842 2671 1981 2731 aut
2046 2653 2354 2759 indicta
2417 2662 2675 2740 vellet.

602 2788 848 2897 Quod
931 2786 992 2871 fi
1074 2815 1335 2895 pauca
1420 2788 1828 2895 quaedam
1905 2791 2373 2872 huiusmodi
2458 2775 2679 2904 (narn

562 3019 566 3028 Α
604 2944 815 3005 certe
849 2922 1312 3034 pauciffima
1358 2924 1575 3031 sunt)
1619 2926 2014 3006 doctiores
2058 2928 2190 3006 hic
2238 2932 2397 3009 illic
2426 2930 2682 3013 offen-

597 3061 909 3161 derint,
979 3064 1226 3172 idque
1270 3065 1507 3144 nobis
1558 3071 1752 3143 vitio
1822 3082 2213 3163 vertatur,
2291 3078 2685 3178 111611ιί116-

599 3207 762 3281 rint
827 3199 1352 3299 accusator03‚
1430 3184 1583 3282 nos
1641 3209 1930 3282 veritos
1991 3199 2188 3299 effe,
2259 3232 2404 3303 ne,
2474 3236 2694 3289 acer-

607 3334 831 3417 biore
861 3338 1178 3418 delectu
1208 3337 1566 3420 instituto
1585 3397 1609 3439 ,
1669 3348 1914 3423 nimis
1947 3360 2403 3448 arroganter
2447 3345 2683 3454 egiffe

607 3473 1073 3575 videremur.

831 3614 1290 3716 Voluminis
1358 3612 1596 3720 nostri
1671 3623 2028 3723 primum
2113 3616 2386 3694 locum
2462 3636 2688 3697 tenet

613 3750 897 3830 Oratio
975 3754 1468 3860 Inauguralis
1559 3753 1660 3833 de
1724 3725 2148 3856 Euripide,
2225 3781 2273 3831 a
2342 3753 2686 3834 Porsono

612 3885 833 3992 apud
880 3887 1563 3998 Cantabrigienses
1618 3887 1798 3969 suos
1829 3886 2140 3987 habita,
2201 3918 2390 3969 cum
2444 3894 2691 3972 Grae·-

617 4049 892 4104 carum
923 4026 1365 4105 Literarum
1410 4024 2123 4142 Eraelegendarum
2166 4056 2465 4108 munus
2504 4032 2692 4109 Pro-

613 4158 1019 4243 refforium
1088 4161 1645 4271 auspicaretur.
1787 4161 2116 4244 Constat
2209 4192 2408 4248 eunt
2486 4168 2694 4249 hanc
