2952 5028
896 392 988 439 IN
1068 366 1598 441 En'nnumm.
2160 403 2245 474 ¹⁷

239 563 673 632 vehementer
737 561 1124 628 conterrita·
1108 612 1129 653 ‚
1219 584 1353 651 quo
1418 559 1665 627 scilicet
1701 560 1921 629 f-atale
1977 564 2247 655 aliquod

238 668 511 733 malum
555 667 641 732 ad
683 664 1101 754 Polyxenam
1143 675 1209 730 et
1250 665 1670 754 Polydorum
1709 686 1827 754 pel
1829 664 2035 733 tineus
2050 715 2070 754 ‚
2140 669 2246 737 sed

207 771 470 837 minus
513 768 845 854 distincte,
912 767 1412 857 fignificabatur.
1534 768 1838 836 Tandem
1874 767 2245 859 supervenit

236 874 492 941 nuncia
523 871 819 939 Troiana
836 919 859 963 ‚
911 884 978 937 et
1019 885 1282 962 partem
1311 871 1629 940 Hecubae
1659 885 1996 940 terrorum
2035 874 2109 940 in
2134 899 2244 943 ve·

236 1002 350 1045 ros
410 978 668 1045 dolores
727 977 1090 1062 convertit,
1179 976 1552 1063 narrando,
1639 998 1809 1067 quae
1863 977 1942 1042 fit
1996 976 2244 1046 summi

238 1084 661 1148 Graecorum
703 1078 974 1145 concilii
1005 1080 1199 1171 super
1236 1081 1582 1165 Poly'xena
1612 1082 1965 1147 mactanda
1993 1080 2243 1148 senten·

237 1186 354 1251 tia.
456 1186 610 1251 Hoc
640 1185 980 1250 decretum
1024 1183 1165 1272 post
1207 1185 1440 1272 paullo
1487 1182 1663 1250 adest
1707 1182 1970 1274 Ulyss'es
2003 1207 2245 1252 execu-
2303 1192 2310 1201 '

236 1301 461 1372 turus3
510 1309 710 1377 quem
739 1288 1019 1356 Hecuba
1046 1288 1290 1374 ingrati
1319 1287 1533 1352 animi
1573 1288 1836 1354 accusat
1852 1334 1874 1372 ,
1945 1299 2013 1354 et
2041 1286 2244 1378 Ulys-

235 1393 314 1458 fis
364 1393 390 1457 i
392 1393 562 1480 pfius
603 1391 775 1467 v-itae
825 1415 865 1458 a
922 1391 986 1458 se
1039 1392 1205 1458 olim
1261 1390 1542 1458 servatae
1594 1394 1884 1479 gratiam
1937 1391 2237 1482 reposcit.

237 1494 496 1584 Ulyss‘es
548 1517 687 1561 non
726 1506 921 1582 negat
963 1495 1359 1561 beneficium
1404 1491 1466 1560 se
1514 1495 1820 1585 accepiss‘e
1838 1495 1876 1582 ‚'
1918 1495 2024 1563 sed
2058 1495 2236 1563 facto
2271 1505 2348 1565 18

234 1598 352 1666 suo
400 1599 745 1688 publicam
790 1600 1152 1665 utilitatem
1192 1598 1546 1688 praetexit.
1671 1600 2016 1689 Polyxena
2057 1623 2236 1689 vero,

231 1703 414 1769 nihil
471 1703 822 1794 quiequam
867 1703 998 1770 hoc
1044 1703 1291 1769 nuncio
1337 1701 1590 1769 deiecta
1608 1748 1629 1787 ‚
1704 1704 1998 1770 oratione
2041 1703 2234 1772 liberi
2338 1690 2345 1697 ¹

127 1814 132 1818 ’
230 1805 501 1895 spiritus
531 1808 929 1897 plenissima‚
1010 1819 1333 1893 mortem,
1397 1817 1636 1894 utpote
1676 1806 1817 1875 vita
1858 1806 1975 1874 fibi
2014 1808 2236 1897 potio-

228 1933 414 1996 rem,
481 1911 939 1999 amplectitur,
1021 1921 1086 1976 et
1127 1910 1212 1975 ad
1253 1909 1547 1977 Achillis
1593 1915 1942 1978 tumulum
1987 1912 2236 1978 immo·

228 2014 428 2081 landa
473 2015 559 2080 ab
606 2013 835 2103 Ulyss'e
879 2015 1268 2101 abducitur3
1337 2013 1570 2078 eadem
1619 2013 2015 2081 fortitudine
2054 2016 2231 2083 fata·-

229 2119 365 2185 lem
395 2118 633 2183 mortis
660 2120 872 2183 ritum
902 2118 1193 2206 excipit,
1241 2138 1449 2206 quam
1479 2115 1745 2183 fabulae
1776 2130 2038 2206 partem
2064 2120 2230 2186 Tal-

228 2220 516 2308 thybius
555 2208 800 2285 recitat'.
911 2220 1191 2288 Hecuba
1234 2219 1651 2286 famularum
1697 2217 1972 2287 suarum
2016 2245 2232 2288 unam

230 2326 320 2390 ad
348 2346 534 2390 mare
554 2323 879 2411 demittit,
934 2337 1015 2391 ut
1043 2346 1293 2413 aquam
1333 2323 1671 2393 marinam
1716 2325 1804 2391 ad
1844 2324 2229 2415 Polyxenae

229 2451 471 2518 corpus
495 2429 862 2497 lavandum
893 2414 1050 2495 inde
1086 2428 1372 2496 hauriat.
1467 2429 1772 2513 Famula,
1815 2428 1980 2496 dum
2027 2429 2225 2496 herae

226 2535 543 2600 mandata
571 2534 811 2623 exequi
842 2547 1040 2625 parat
1054 2583 1075 2621 ‚
1134 2533 1456 2621 Polydori
1497 2534 1778 2601 cadaver
1822 2533 2008 2601 foede
2054 2534 2223 2602 lace·

222 2650 494 2722 ratum,
581 2638 776 2704 allisu
833 2638 1167 2706 fluctuum
1226 2639 1312 2703 ad
1362 2638 1525 2703 litus
1574 2638 1861 2703 eiectum
1903 2639 2222 2725 agnoscit,

227 2744 660 2830 agnitumque
703 2743 789 2808 ad
816 2742 1166 2808 Hecubam
1203 2753 1521 2830 reportat.
1598 2741 1880 2808 Hecuba
1894 2790 1916 2828 ,
1955 2743 2219 2828 cognita

223 2846 347 2914 filii
387 2846 488 2913 sui
533 2858 790 2937 morte,
877 2847 1090 2913 caedis
1129 2857 1470 2912 auctorem
1516 2865 1603 2908 ex
1647 2868 1718 2909 re
1758 2845 1897 2933 ipsa
1939 2846 2218 2931 divinat,
2241 2889 2254 2902 -

223 2961 290 3015 et
332 2950 407 3015 in
443 2950 671 3039 primo
699 2948 915 3015 statim
945 2949 1190 3016 doloris
1219 2949 1494 3038 impetu.
1525 2945 1893 3047 vindictam
1938 2949 2215 3014 medita-

225 3064 356 3118 tur.
475 3052 1051 3142 Agamemnonem
1096 3052 1269 3118 forte
1327 3053 1690 3119 intrantem
1744 3050 2086 3117 auxilium
2130 3052 2214 3119 ad

221 3155 589 3223 vindictam
623 3158 808 3223 suam
855 3157 1310 3248 exequendam
1337 3153 1639 3245 postulat.
1742 3152 1839 3239 Is,
1883 3155 2212 3221 exercitus

223 3259 326 3325 sui
370 3253 626 3327 animos
670 3260 918 3328 veritus
937 3309 957 3346 ,
1041 3262 1217 3328 clam
1267 3258 1326 3325 ei
1374 3258 1595 3325 favere
1646 3259 1999 3346 pollicetur
2014 3306 2035 3344 ‚
2104 3259 2210 3326 sed

222 3362 462 3452 opibus
493 3363 618 3430 suis
645 3366 874 3453 palam
907 3363 1222 3431 adiuvare
1262 3385 1400 3429 non
1439 3362 1659 3428 audet.
1746 3363 1971 3428 Mittit
2001 3362 2212 3449 igitur

218 3467 501 3532 Hecuba
549 3468 867 3534 nunciam
921 3491 1008 3534 ex
1041 3467 1318 3557 captivis
1371 3465 1640 3532 feminis
1679 3465 1762 3531 ad
1805 3466 2209 3555 Polymesto-

221 3592 402 3654 rem,
461 3571 754 3660 petitque
782 3584 879 3638 ut-
902 3573 986 3639 ad
1020 3572 1082 3638 fe
1120 3593 1328 3661 quam
1359 3569 1696 3637 celerrime
1732 3570 1986 3655 veniat,
2056 3592 2203 3635 ma·
2297 3583 2304 3590 ⁴

218 3684 429 3762 gnum
482 3675 804 3763 quiddam
859 3674 1202 3762 negotium
1247 3673 1313 3741 se
1352 3685 1512 3740 c'um
1553 3695 1630 3738 eo
1670 3672 2202 3740 communicatu·

218 3800 379 3843 ram.
512 3779 956 3868 Polymestor,
1021 3778 1197 3845 nihil
1237 3777 1402 3842 mali
1445 3775 1808 3866 suspicans»,
1884 3777 2199 3844 Hecubae

216 3880 637 3949 confiliorum
677 3883 946 3971 ignarus
960 3931 981 3968 ‚
1050 3905 1210 3949 cum
1244 3880 1464 3970 pueris
1512 3880 1637 3947 suis
1665 3879 1948 3950 advenit.
2059 3881 2197 3947 He·-

216 3984 386 4050 cuba
424 4008 576 4054 eum
631 3987 787 4053 ficto
831 3987 1164 4076 colloquio
1206 3975 1451 4052 detinet
1467 4034 1489 4071 ,
1567 3984 2013 4074 avaritiaeque
2056 3983 2195 4062 eius

214 4088 321 4178 spe
348 4088 567 4157 defoffi
604 4089 894 4181 thesauri
933 4090 1307 4179 blanditur3
1361 4091 1629 4156 tandem
1674 4088 2054 4179 persuadet,
2114 4096 2195 4151 ut

213 4193 393 4261 intra
436 4196 796 4263 tentorium
811 4244 831 4282 ‚
908 4195 1029 4261 ubi
1071 4196 1404 4262 Troianae
1458 4195 1767 4260 mulieres
1804 4191 2023 4256 sedent
2038 4235 2064 4274 ,
2130 4188 2195 4254 se

210 4298 590 4365 comitetur.
704 4299 826 4366 'Ibi
870 4300 1382 4389 Polymestorem
1425 4298 1633 4364 oculis
1646 4344 1667 4384 ‚
1746 4314 1986 4385 pueros
2042 4313 2197 4359 vero

1265 4443 1271 4452 -
1358 4401 1418 4467 B
