2952 5028
850 406 945 452 IN
1019 404 1543 457 EURIPIDEM.
2100 411 2190 483 19

192 572 544 641 funeribus
580 574 905 647 finiretur.
1003 572 1195 641 Adeo
1224 586 1401 640 arcte
1442 571 1836 661 implicatur
1871 573 2189 664 Polydori

197 675 382 742 casus
426 699 577 742 cum
622 676 860 744 sororis
911 689 1125 744 morte
1141 726 1161 762 ‚
1236 689 1315 742 ut
1354 678 1468 744 ille
1508 676 1685 744 hanc
1726 676 1988 743 summa
2031 702 2190 744 cum

195 780 666 870 probabilitate
695 781 1001 869 consequi
1041 780 1363 854 videatur.
1480 779 1679 849 Hauc
1720 781 1996 846 actionis
2041 784 2192 847 uni·

193 870 409 950 tatem
484 883 855 972 sequentem
912 885 1269 951 adventum
1323 883 1816 972 Polymestori8‚
1904 894 1972 948 et
2027 907 2193 973 quae

195 987 414 1078 postea
454 988 767 1055 eveniunt
785 1036 806 1074 ‚
889 1010 1313 1075 corrumpere
1370 987 1519 1075 quis
1560 985 1774 1053 forsan
1820 989 2194 1073 contendat,

197 1115 410 1179 neque
438 1114 558 1179 ego
587 1114 818 1178 negare
847 1091 1072 1157 aufim.
1173 1091 1299 1157 Sed
1328 1112 1504 1156 -cum
1547 1091 1634 1157 ad
1678 1091 1957 1160 eandem
1992 1090 2192 1158 histo&

199 1195 381 1262 riam
412 1206 476 1261 et
520 1197 722 1260 hocce
755 1194 1068 1284 proxime
1107 1193 1466 1281 pertineat3
1524 1217 1678 1260 cum
1726 1195 2188 1284 exoptandum
2217 1211 2301 1255 20

199 1299 314 1384 fit,
357 1311 434 1362 ut
455 1299 767 1364 Hecubae
796 1299 871 1362 in
913 1308 1014 1361 tot
1058 1298 1382 1386 tantisque
1426 1298 1770 1364 doloribus
1815 1296 2194 1363 solatiolum

199 1414 431 1466 tamen
469 1402 717 1489 aliquid
746 1403 1094 1487 offer-'atum
1153 1423 1311 1471 cum
1339 1401 1440 1465 ius
1471 1424 1667 1467 omne
1706 1401 2019 1468 divinum
2061 1400 2193 1465 hu·

200 1528 608 1593 manumque
640 1504 1104 1592 Polymestoris
1143 1503 1546 1592 supplicium
1589 1502 1900 1592 efflagitet
1914 1555 1936 1593 ,
1974 1507 2192 1571 multo

140 1652 153 1664 ·
199 1612 356 1699 plus
396 1631 483 1673 ex
524 1609 799 1696 opisodii
851 1607 1053 1672 huius
1084 1608 1419 1673 additione
1463 1578 1914 1692 lucraremuss
1980 1618 2187 1701 quam

106 1716 109 1717 ⁷
199 1712 479 1777 unitatis
523 1714 665 1798 lege
724 1712 1008 1796 migrata
1067 1711 1476 1797 amittimus,
1565 1712 1686 1779 nin
1729 1711 1862 1777 alia
1908 1710 2190 1778 obiectio

203 1816 369 1882 hinc
421 1815 721 1882 oriretur.
837 1816 1027 1881 Dum
1088 1814 1271 1880 enim
1329 1816 1455 1881 hoc
1499 1816 1862 1903 episodium
1877 1863 1901 1901 ,
1981 1816 2192 1883 veluti

201 1936 622 2010 purpureum
676 1940 976 2007 pannum
997 1966 1017 2003 ,
1095 1918 1471 2006 tragoediae
1520 1917 1668 1984 suae
1707 1930 1904 2007 poeta
1949 1919 2193 1985 affiiere‘

200 2023 587 2107 voluit‚''in‘·
606 2023 1111 2088 incommodum
1145 2023 1327 2089 haud
1368 2023 1509 2087 leve
1553 2022 1940 2110 imprudens
1968 2024 2193 2089 ineur-

200 2126 318 2193 rit.
419 2124 682 2190 Necess'e
737 2126 970 2213 utiquc
1013 2137 1152 2190 crat
1205 2125 1455 2191 scenam
1504 2122 1578 2188 in
1625 2126 1929 2191 'I'hracia'
1960 2125 2192 2191 consti-

194 2242 429 2317 tuere,
472 2238 550 2291 ut
587 2227 862 2292 Hecuba
903 2228 1303 2296 ulciscendae
1341 2227 1468 2292 filii
1512 2226 1611 2299 sui
1645 2228 1880 2292 mortis
1924 2227 2191 2314 copiam

199 2345 277 2406 et,
317 2329 707 2397 facultatem
759 2331 1042 2397 haberet.
1158 2333 1231 2398 N
1232 2329 1420 2398 ecesse
1450 2322 1679 2396 ‘etiam
1719 2343 1857 2396 erat
1899 2331 2191 2420 Polyxe-

200 2460 368 2502 nam
399 2433 596 2523 super
631 2437 972 2503 tumulum
1006 2433 1292 2502 Achillis
1333 2437 1631 2500 mactari.
1732 2437 1923 2503 Dum
1961 2446 2192 2503 autem

200 2554 567 2627 utrumque
608 2538 854 2604 horum
898 2541 970 2605 in
1013 2541 1241 2606 eodem
1289 2540 1588 2607 dramate
1628 2540 2023 2627 coniungere
2063 2538 2193 2608 stus

205 2645 423 2710 debat.
445 2643 831 2733 Euripide8‚
875 2667 1013 2709 non
1059 2645 1245 2725 vidit,
1290 2644 1558 2732 quantis
1596 2644 1657 2710 se
1696 2642 2192 2710 difficultatibus
2293 2727 2298 2730 -

203 2746 574 2836 impediret.
686 2747 872 2813 Mira
925 2747 1104 2813 enim
1162 2747 1586 2814 inconstantia
1647 2770 1825 2812 nunc
1870 2747 2191 2836 loquitur,

206 2852 382 2942 quafi
415 2874 516 2916 res
542 2850 618 2915 in
653 2851 857 2917 Troia
879 2898 915 2950 ³·
951 2875 1153 2942 nunc,
1205 2851 1385 2940 quafi
1417 2850 1492 2916 in
1523 2850 1814 2914 Thracia
1842 2861 2190 2934 gereretur.

204 2960 368 3024 Non
400 2957 592 3040 longe
632 2954 716 3019 ab
751 2954 945 3021 initio
970 2956 1228 3043 primae
1257 2954 1480 3020 scenae
1514 2954 1609 3019 ita
1640 2953 2009 3038 Polydorus
2045 2974 2189 3017 rem

191 3073 470 3128 narrat:
525 3056 618 3142 (ν.
649 3059 797 3137 32.)
1398 3113 1402 3118 ,
1893 3077 1899 3083 ’

320 3165 632 3251 Ten-alon
674 3156 800 3242 ’ἤδη
840 3162 1068 3252 φέγγος
1118 3152 1580 3249 αἰωρὸὺμενος,

289 3259 630 3352 ’Ὀσονπερ
684 3266 754 3329 ἐν
795 3258 874 3354 γῇ
920 3259 1072 3354 τῇδε
1119 3261 1538 3350 Χερσονησίᾳ

312 3360 558 3454 Μήτηρ
596 3357 716 3449 ἐμή
760 3358 1072 3446 δύστηνος
1119 3366 1186 3430 ἐκ
1239 3363 1474 3454 Τροίας
1519 3355 1720 3452 πάρα.

310 3462 571 3545 Πάντες
612 3459 670 3533 δ’
703 3460 986 3555 Ἀχαιοὶ,
1039 3463 1196 3546 ναῦς
1232 3465 1514 3556 ἔχοντες,
1559 3463 1788 3555 ἥσυχοι

318 3561 649 3643 Θάσσονὸ
703 3563 804 3638 ἐπ’
860 3562 1087 3649 οἷκταΐς
1133 3566 1329 3651 τῆσδε
1388 3566 1665 3664 Θρῃκίοις
1715 3557 1993 3657 χθονός.

209 3685 275 3745 e‘t
312 3680 386 3744 in
417 3676 720 3765 pluribus
750 3677 896 3742 aliis
931 3678 1092 3742 locis
1131 3674 1495 3741 Thraciam
1541 3677 1714 3740 clare
1744 3675 2030 3760 defignat
2053 3670 2194 3736 Eu·

207 3782 470 3871 ripideS.
574 3780 700 3845 Sed
730 3780 901 3845 idem
939 3782 1356 3868 Polyxenam
1400 3780 1483 3844 ad
1525 3780 1868 3844 tumulum
1908 3774 2194 3843 Achillis

208 3885 496 3952 mactari
506 3894 790 3969 narrat,
831 3885 1058 3972 quod
1037 3908 1110 3950 m
1140 3883 1436 3949 Troiano
1465 3882 1665 3951 litore
1693 3882 1837 3947 fieri
1878 3878 2194 3970 oportuit.

211 3987 471 4078 Ulyffes
500 3987 706 4074 igitur
747 3982 1171 4057 Achivorum
1205 3987 1535 4077 principes
1578 3998 1838 4073 monet,
1900 3982 2194 4073 (ν.155·.
2259 3989 2266 4006 “

209 4095 313 4163 ed.
358 4087 572 4180 3tiae)

523 4183 642 4273 Mn
684 4184 802 4261 τὸν
849 4216 1123 4284 αριστον
1160 4189 1453 4261 Δαναῶν
1470 4184 1763 4277 πάντων,
1819 4235 1830 4262 ι

414 4318 448 4323 ·“
523 4287 780 4367 Amiano„
816 4298 1118 4389 ,σφαγίων
1157 4288 1392 4382 οὕνεκ’,
1420 4370 1425 4374 ,
1454 4287 1791 4379 ἀπωθεῖν,

1366 4401 1422 4465 Β
1481 4420 1517 4463 2
