<?xml version="1.0" encoding="UTF-8"?>
<!DOCTYPE html PUBLIC "-//W3C//DTD XHTML 1.0 Transitional//EN"
    "http://www.w3.org/TR/xhtml1/DTD/xhtml1-transitional.dtd">
<html xmlns="http://www.w3.org/1999/xhtml" xml:lang="en" lang="en">
 <head>
  <title>
</title>
<meta http-equiv="Content-Type" content="text/html;charset=utf-8" />
  <meta name='ocr-system' content='tesseract 3.04.00' />
  <meta name='ocr-capabilities' content='ocr_page ocr_carea ocr_par ocr_line ocrx_word'/>
</head>
<body>
  <div class='ocr_page' id='page_1' title='image "./ricardiporsonia00porsgoog_0053.png"; bbox 0 0 2952 5028; ppageno 0'>
   <div class='ocr_carea' id='block_1_1' title="bbox 825 385 2287 452">
    <p class='ocr_par' dir='ltr' id='par_1_1' title="bbox 825 385 2287 452">
     <span class='ocr_line' id='line_1_1' title="bbox 825 385 2287 452; baseline 0.003 -4"><span class='ocrx_word' id='word_1_1' title='bbox 825 400 1421 450; x_wconf 73' lang='lat' dir='ltr'>OBSERVATIONES</span> <span class='ocrx_word' id='word_1_2' title='bbox 1485 398 1781 451; x_wconf 52' lang='lat' dir='ltr'>vinum</span> <span class='ocrx_word' id='word_1_3' title='bbox 2195 385 2242 452; x_wconf 76' lang='lat'><em>3</em></span> <span class='ocrx_word' id='word_1_4' title='bbox 2261 408 2287 451; x_wconf 89' lang='grc'>1</span> 
     </span>
    </p>
   </div>
   <div class='ocr_carea' id='block_1_2' title="bbox 280 567 2299 2833">
    <p class='ocr_par' dir='ltr' id='par_1_2' title="bbox 280 567 2298 969">
     <span class='ocr_line' id='line_1_2' title="bbox 305 567 2298 662; baseline 0.002 -28"><span class='ocrx_word' id='word_1_5' title='bbox 305 570 430 634; x_wconf 88' lang='lat' dir='ltr'>dus</span> <span class='ocrx_word' id='word_1_6' title='bbox 461 567 726 634; x_wconf 85' lang='lat' dir='ltr'>accedit.</span> <span class='ocrx_word' id='word_1_7' title='bbox 827 568 927 636; x_wconf 90' lang='lat' dir='ltr'>Ut</span> <span class='ocrx_word' id='word_1_8' title='bbox 956 579 1184 635; x_wconf 77' lang='lat' dir='ltr'>autem</span> <span class='ocrx_word' id='word_1_9' title='bbox 1225 570 1532 659; x_wconf 81' lang='lat' dir='ltr'>exemplo</span> <span class='ocrx_word' id='word_1_10' title='bbox 1560 580 1785 657; x_wconf 79' lang='lat' dir='ltr'>pateat</span> <span class='ocrx_word' id='word_1_11' title='bbox 1805 618 1825 656; x_wconf 99' lang='lat'>,</span> <span class='ocrx_word' id='word_1_12' title='bbox 1868 591 2070 658; x_wconf 84' lang='lat' dir='ltr'><strong>quam</strong></span> <span class='ocrx_word' id='word_1_13' title='bbox 2098 570 2298 662; x_wconf 89' lang='lat' dir='ltr'>proni</span> 
     </span>
     <span class='ocr_line' id='line_1_3' title="bbox 280 672 2296 759; baseline 0.001 -20"><span class='ocrx_word' id='word_1_14' title='bbox 280 673 390 739; x_wconf 80' lang='lat' dir='ltr'>·ad</span> <span class='ocrx_word' id='word_1_15' title='bbox 432 672 819 739; x_wconf 83' lang='lat' dir='ltr'>huiusmodi</span> <span class='ocrx_word' id='word_1_16' title='bbox 873 676 1023 739; x_wconf 82' lang='lat' dir='ltr'>loca</span> <span class='ocrx_word' id='word_1_17' title='bbox 1083 672 1414 739; x_wconf 80' lang='lat' dir='ltr'>turbanda</span> <span class='ocrx_word' id='word_1_18' title='bbox 1472 672 1724 739; x_wconf 81' lang='lat' dir='ltr'>fuerint</span> <span class='ocrx_word' id='word_1_19' title='bbox 1777 672 2069 759; x_wconf 81' lang='lat' dir='ltr'>librarii,</span> <span class='ocrx_word' id='word_1_20' title='bbox 2146 675 2296 742; x_wconf 85' lang='lat' dir='ltr'>vide</span> 
     </span>
     <span class='ocr_line' id='line_1_4' title="bbox 300 774 2298 864; baseline 0.003 -25"><span class='ocrx_word' id='word_1_21' title='bbox 300 775 727 864; x_wconf 78' lang='lat' dir='ltr'>Aristophan.</span> <span class='ocrx_word' id='word_1_22' title='bbox 773 774 903 845; x_wconf 83' lang='lat' dir='ltr'>Av.</span> <span class='ocrx_word' id='word_1_23' title='bbox 968 800 994 841; x_wconf 90' lang='lat'>1</span> <span class='ocrx_word' id='word_1_24' title='bbox 1016 777 1176 845; x_wconf 78' lang='lat'><strong>148.</strong></span> <span class='ocrx_word' id='word_1_25' title='bbox 1242 775 1360 841; x_wconf 91' lang='lat' dir='ltr'>ubi</span> <span class='ocrx_word' id='word_1_26' title='bbox 1424 777 1772 863; x_wconf 82' lang='lat' dir='ltr'>vulgatur,</span> <span class='ocrx_word' id='word_1_27' title='bbox 1868 787 2082 842; x_wconf 82' lang='lat' dir='ltr'>metro</span> <span class='ocrx_word' id='word_1_28' title='bbox 2131 778 2298 844; x_wconf 86' lang='lat' dir='ltr'>inte·</span> 
     </span>
     <span class='ocr_line' id='line_1_5' title="bbox 298 881 625 969; baseline -0.012 -21"><span class='ocrx_word' id='word_1_29' title='bbox 298 904 448 969; x_wconf 81' lang='lat' dir='ltr'>gen·</span> <span class='ocrx_word' id='word_1_30' title='bbox 449 881 625 966; x_wconf 89' lang='lat' dir='ltr'>imo,</span> 
     </span>
    </p>

    <p class='ocr_par' dir='ltr' id='par_1_3' title="bbox 300 970 2297 1177">
     <span class='ocr_line' id='line_1_6' title="bbox 508 970 1991 1072; baseline 0.002 -26"><span class='ocrx_word' id='word_1_31' title='bbox 508 986 655 1052; x_wconf 87' lang='grc' dir='ltr'>Καὶ</span> <span class='ocrx_word' id='word_1_32' title='bbox 701 970 784 1062; x_wconf 70' lang='grc' dir='ltr'>νὴ</span> <span class='ocrx_word' id='word_1_33' title='bbox 828 971 916 1049; x_wconf 74' lang='grc' dir='ltr'>Δί’</span> <span class='ocrx_word' id='word_1_34' title='bbox 957 982 1029 1046; x_wconf 80' lang='grc' dir='ltr'>αἱ</span> <span class='ocrx_word' id='word_1_35' title='bbox 1077 977 1305 1064; x_wconf 76' lang='grc' dir='ltr'><strong><em>νῆτταί</em></strong></span> <span class='ocrx_word' id='word_1_36' title='bbox 1351 1004 1426 1069; x_wconf 79' lang='grc' dir='ltr'>γε</span> <span class='ocrx_word' id='word_1_37' title='bbox 1468 982 1991 1072; x_wconf 70' lang='grc' dir='ltr'><strong><em>περιεζωσμέναι.</em></strong></span> 
     </span>
     <span class='ocr_line' id='line_1_7' title="bbox 300 1066 2297 1177; baseline -0.003 -24"><span class='ocrx_word' id='word_1_38' title='bbox 300 1088 538 1155; x_wconf 87' lang='lat' dir='ltr'>Suidas</span> <span class='ocrx_word' id='word_1_39' title='bbox 568 1098 786 1150; x_wconf 79' lang='lat' dir='ltr'>tamen</span> <span class='ocrx_word' id='word_1_40' title='bbox 822 1109 883 1152; x_wconf 86' lang='lat' dir='ltr'>v.</span> <span class='ocrx_word' id='word_1_41' title='bbox 915 1076 1320 1171; x_wconf 69' lang='grc' dir='ltr'><em>ὑπαγωγεύς,</em></span> <span class='ocrx_word' id='word_1_42' title='bbox 1384 1066 1568 1151; x_wconf 77' lang='lat' dir='ltr'>bunc</span> <span class='ocrx_word' id='word_1_43' title='bbox 1608 1111 1684 1152; x_wconf 81' lang='lat' dir='ltr'>oi</span> <span class='ocrx_word' id='word_1_44' title='bbox 1685 1088 1912 1153; x_wconf 90' lang='lat' dir='ltr'>dinem</span> <span class='ocrx_word' id='word_1_45' title='bbox 1951 1084 2297 1177; x_wconf 80' lang='lat' dir='ltr'>praetulit,</span> 
     </span>
    </p>

    <p class='ocr_par' dir='ltr' id='par_1_4' title="bbox 304 1177 2299 1384">
     <span class='ocr_line' id='line_1_8' title="bbox 505 1177 2048 1278; baseline -0.001 -22"><span class='ocrx_word' id='word_1_46' title='bbox 505 1193 651 1256; x_wconf 81' lang='grc' dir='ltr'>Κὰὶ</span> <span class='ocrx_word' id='word_1_47' title='bbox 697 1177 776 1268; x_wconf 71' lang='grc' dir='ltr'>νὴ</span> <span class='ocrx_word' id='word_1_48' title='bbox 820 1187 946 1254; x_wconf 80' lang='grc' dir='ltr'>Δία</span> <span class='ocrx_word' id='word_1_49' title='bbox 1005 1179 1064 1272; x_wconf 71' lang='grc' dir='ltr'>γ’</span> <span class='ocrx_word' id='word_1_50' title='bbox 1115 1191 1189 1253; x_wconf 81' lang='grc' dir='ltr'>αἱ</span> <span class='ocrx_word' id='word_1_51' title='bbox 1235 1183 1473 1268; x_wconf 77' lang='grc' dir='ltr'><strong><em>νῆτται</em></strong></span> <span class='ocrx_word' id='word_1_52' title='bbox 1516 1190 2048 1278; x_wconf 75' lang='grc' dir='ltr'><strong><em>περιεζωσμέναι.</em></strong></span> 
     </span>
     <span class='ocr_line' id='line_1_9' title="bbox 304 1282 2299 1384; baseline 0 -25"><span class='ocrx_word' id='word_1_53' title='bbox 304 1293 664 1359; x_wconf 82' lang='lat' dir='ltr'><strong>Proximus</strong></span> <span class='ocrx_word' id='word_1_54' title='bbox 695 1293 898 1377; x_wconf 77' lang='lat' dir='ltr'>locus,</span> <span class='ocrx_word' id='word_1_55' title='bbox 925 1291 1041 1378; x_wconf 88' lang='lat' dir='ltr'>qui</span> <span class='ocrx_word' id='word_1_56' title='bbox 1073 1292 1148 1357; x_wconf 89' lang='lat' dir='ltr'>in</span> <span class='ocrx_word' id='word_1_57' title='bbox 1177 1294 1388 1377; x_wconf 85' lang='lat' dir='ltr'>legem</span> <span class='ocrx_word' id='word_1_58' title='bbox 1414 1304 1660 1380; x_wconf 76' lang='lat' dir='ltr'>peccat,</span> <span class='ocrx_word' id='word_1_59' title='bbox 1700 1282 1785 1360; x_wconf 78' lang='lat' dir='ltr'>est</span> <span class='ocrx_word' id='word_1_60' title='bbox 1816 1294 2043 1384; x_wconf 86' lang='lat' dir='ltr'>Equit.</span> <span class='ocrx_word' id='word_1_61' title='bbox 2082 1290 2299 1384; x_wconf 71' lang='lat'><strong>1347.</strong></span> 
     </span>
    </p>

    <p class='ocr_par' dir='ltr' id='par_1_5' title="bbox 296 1384 2297 2833">
     <span class='ocr_line' id='line_1_10' title="bbox 508 1384 1963 1488; baseline -0.001 -24"><span class='ocrx_word' id='word_1_62' title='bbox 508 1398 654 1464; x_wconf 86' lang='grc' dir='ltr'>Καὶ</span> <span class='ocrx_word' id='word_1_63' title='bbox 693 1384 772 1474; x_wconf 71' lang='grc' dir='ltr'>νὴ</span> <span class='ocrx_word' id='word_1_64' title='bbox 817 1394 935 1461; x_wconf 78' lang='lat' dir='ltr'>Aia</span> <span class='ocrx_word' id='word_1_65' title='bbox 977 1384 1034 1479; x_wconf 65' lang='grc' dir='ltr'>γ’,</span> <span class='ocrx_word' id='word_1_66' title='bbox 1090 1389 1152 1460; x_wconf 70' lang='grc' dir='ltr'>εἰ</span> <span class='ocrx_word' id='word_1_67' title='bbox 1196 1387 1330 1460; x_wconf 77' lang='grc' dir='ltr'>δύω</span> <span class='ocrx_word' id='word_1_68' title='bbox 1372 1395 1667 1480; x_wconf 76' lang='grc' dir='ltr'>λεγοίτην</span> <span class='ocrx_word' id='word_1_69' title='bbox 1706 1388 1963 1488; x_wconf 79' lang='grc' dir='ltr'><strong><em>ῥήτορε.</em></strong></span> 
     </span>
     <span class='ocr_line' id='line_1_11' title="bbox 303 1496 2293 1588; baseline 0.001 -20"><span class='ocrx_word' id='word_1_70' title='bbox 303 1499 405 1568; x_wconf 87' lang='lat' dir='ltr'>At</span> <span class='ocrx_word' id='word_1_71' title='bbox 433 1498 894 1587; x_wconf 82' lang='lat' dir='ltr'><strong>percommode</strong></span> <span class='ocrx_word' id='word_1_72' title='bbox 922 1498 1191 1587; x_wconf 86' lang='lat' dir='ltr'>quidem</span> <span class='ocrx_word' id='word_1_73' title='bbox 1229 1498 1503 1583; x_wconf 83' lang='lat' dir='ltr'>accidit,</span> <span class='ocrx_word' id='word_1_74' title='bbox 1556 1501 1736 1588; x_wconf 90' lang='lat' dir='ltr'><strong>quod</strong></span> <span class='ocrx_word' id='word_1_75' title='bbox 1767 1501 1881 1566; x_wconf 84' lang='lat' dir='ltr'>hic</span> <span class='ocrx_word' id='word_1_76' title='bbox 1913 1496 2128 1568; x_wconf 82' lang='lat' dir='ltr'>versus</span> <span class='ocrx_word' id='word_1_77' title='bbox 2158 1500 2293 1569; x_wconf 80' lang='lat' dir='ltr'>alio</span> 
     </span>
     <span class='ocr_line' id='line_1_12' title="bbox 302 1596 2294 1693; baseline 0 -24"><span class='ocrx_word' id='word_1_78' title='bbox 302 1605 542 1669; x_wconf 87' lang='lat' dir='ltr'><strong>morbo</strong></span> <span class='ocrx_word' id='word_1_79' title='bbox 597 1603 875 1669; x_wconf 80' lang='lat' dir='ltr'>laborat.</span> <span class='ocrx_word' id='word_1_80' title='bbox 1009 1601 1230 1671; x_wconf 83' lang='lat' dir='ltr'>Attici</span> <span class='ocrx_word' id='word_1_81' title='bbox 1272 1603 1453 1667; x_wconf 82' lang='lat' dir='ltr'>enim</span> <span class='ocrx_word' id='word_1_82' title='bbox 1499 1615 1732 1691; x_wconf 81' lang='lat' dir='ltr'>poetae</span> <span class='ocrx_word' id='word_1_83' title='bbox 1775 1596 1911 1669; x_wconf 80' lang='grc' dir='ltr'>δύω</span> <span class='ocrx_word' id='word_1_84' title='bbox 1941 1627 2294 1693; x_wconf 83' lang='lat' dir='ltr'>nunquam</span> 
     </span>
     <span class='ocr_line' id='line_1_13' title="bbox 303 1707 2295 1796; baseline 0.001 -22"><span class='ocrx_word' id='word_1_85' title='bbox 303 1708 655 1796; x_wconf 80' lang='lat' dir='ltr'>usurpant,</span> <span class='ocrx_word' id='word_1_86' title='bbox 701 1708 879 1796; x_wconf 87' lang='lat' dir='ltr'><strong>quod</strong></span> <span class='ocrx_word' id='word_1_87' title='bbox 908 1707 1224 1773; x_wconf 83' lang='lat' dir='ltr'>veriffime</span> <span class='ocrx_word' id='word_1_88' title='bbox 1256 1707 1526 1772; x_wconf 88' lang='lat' dir='ltr'>monuit</span> <span class='ocrx_word' id='word_1_89' title='bbox 1552 1708 1882 1775; x_wconf 79' lang='lat' dir='ltr'>Dawefius</span> <span class='ocrx_word' id='word_1_90' title='bbox 1910 1710 2099 1776; x_wconf 87' lang='lat' dir='ltr'>Misc.</span> <span class='ocrx_word' id='word_1_91' title='bbox 2127 1707 2295 1775; x_wconf 73' lang='lat' dir='ltr'>crit.</span> 
     </span>
     <span class='ocr_line' id='line_1_14' title="bbox 302 1810 2296 1902; baseline 0.002 -25"><span class='ocrx_word' id='word_1_92' title='bbox 302 1837 372 1902; x_wconf 88' lang='lat' dir='ltr'>p.</span> <span class='ocrx_word' id='word_1_93' title='bbox 403 1814 569 1901; x_wconf 84' lang='lat'><strong>347.</strong></span> <span class='ocrx_word' id='word_1_94' title='bbox 606 1812 930 1899; x_wconf 77' lang='lat' dir='ltr'><strong>probante</strong></span> <span class='ocrx_word' id='word_1_95' title='bbox 957 1810 1107 1876; x_wconf 85' lang='lat' dir='ltr'>sane</span> <span class='ocrx_word' id='word_1_96' title='bbox 1131 1834 1333 1899; x_wconf 77' lang='lat' dir='ltr'><strong>quam</strong></span> <span class='ocrx_word' id='word_1_97' title='bbox 1365 1810 1601 1878; x_wconf 86' lang='lat' dir='ltr'>idoneo</span> <span class='ocrx_word' id='word_1_98' title='bbox 1637 1812 1857 1879; x_wconf 84' lang='lat' dir='ltr'>iudice</span> <span class='ocrx_word' id='word_1_99' title='bbox 1886 1812 2296 1880; x_wconf 78' lang='lat' dir='ltr'>Valckenae·</span> 
     </span>
     <span class='ocr_line' id='line_1_15' title="bbox 302 1911 2296 2005; baseline 0 -23"><span class='ocrx_word' id='word_1_100' title='bbox 302 1917 407 1983; x_wconf 80' lang='lat' dir='ltr'>rio</span> <span class='ocrx_word' id='word_1_101' title='bbox 460 1917 543 1980; x_wconf 82' lang='lat' dir='ltr'>ad</span> <span class='ocrx_word' id='word_1_102' title='bbox 586 1915 888 2005; x_wconf 86' lang='lat' dir='ltr'>Euripid.</span> <span class='ocrx_word' id='word_1_103' title='bbox 945 1911 1265 1981; x_wconf 80' lang='lat' dir='ltr'>Phoeniss&#39;.</span> <span class='ocrx_word' id='word_1_104' title='bbox 1316 1915 1485 1983; x_wconf 84' lang='lat'><strong>585.</strong></span> <span class='ocrx_word' id='word_1_105' title='bbox 1600 1916 2002 2005; x_wconf 77' lang='lat' dir='ltr'><strong>Quanquam</strong></span> <span class='ocrx_word' id='word_1_106' title='bbox 2041 1918 2296 1985; x_wconf 79' lang='lat' dir='ltr'><strong>horum</strong></span> 
     </span>
     <span class='ocr_line' id='line_1_16' title="bbox 303 2015 2294 2109; baseline -0.001 -23"><span class='ocrx_word' id='word_1_107' title='bbox 303 2022 559 2086; x_wconf 81' lang='lat' dir='ltr'>decreto</span> <span class='ocrx_word' id='word_1_108' title='bbox 622 2017 1020 2107; x_wconf 80' lang='lat' dir='ltr'>acquiescere</span> <span class='ocrx_word' id='word_1_109' title='bbox 1077 2017 1295 2085; x_wconf 81' lang='lat' dir='ltr'>nol‘uit</span> <span class='ocrx_word' id='word_1_110' title='bbox 1349 2015 1793 2085; x_wconf 78' lang='lat' dir='ltr'>Marklandus</span> <span class='ocrx_word' id='word_1_111' title='bbox 1844 2021 1931 2086; x_wconf 78' lang='lat' dir='ltr'>ad</span> <span class='ocrx_word' id='word_1_112' title='bbox 1987 2020 2294 2109; x_wconf 84' lang='lat' dir='ltr'>Euripid.</span> 
     </span>
     <span class='ocr_line' id='line_1_17' title="bbox 301 2118 2297 2211; baseline -0.002 -19"><span class='ocrx_word' id='word_1_113' title='bbox 301 2124 449 2211; x_wconf 83' lang='lat' dir='ltr'><strong>Iph.</strong></span> <span class='ocrx_word' id='word_1_114' title='bbox 479 2123 642 2188; x_wconf 90' lang='lat' dir='ltr'><strong>Aul.</strong></span> <span class='ocrx_word' id='word_1_115' title='bbox 684 2142 711 2185; x_wconf 86' lang='lat'>1</span> <span class='ocrx_word' id='word_1_116' title='bbox 733 2121 900 2208; x_wconf 80' lang='lat'><strong>247.</strong></span> <span class='ocrx_word' id='word_1_117' title='bbox 952 2120 1080 2185; x_wconf 85' lang='lat' dir='ltr'>hoc</span> <span class='ocrx_word' id='word_1_118' title='bbox 1108 2118 1332 2201; x_wconf 84' lang='lat' dir='ltr'>versu,</span> <span class='ocrx_word' id='word_1_119' title='bbox 1390 2118 1663 2185; x_wconf 86' lang='lat' dir='ltr'>infirmo</span> <span class='ocrx_word' id='word_1_120' title='bbox 1707 2120 2016 2208; x_wconf 81' lang='lat' dir='ltr'>tibicine,</span> <span class='ocrx_word' id='word_1_121' title='bbox 2073 2122 2297 2188; x_wconf 82' lang='lat' dir='ltr'>nixus.</span> 
     </span>
     <span class='ocr_line' id='line_1_18' title="bbox 303 2219 2297 2309; baseline -0.001 -17"><span class='ocrx_word' id='word_1_122' title='bbox 303 2226 431 2292; x_wconf 85' lang='lat' dir='ltr'>Sed</span> <span class='ocrx_word' id='word_1_123' title='bbox 464 2233 736 2288; x_wconf 79' lang='lat' dir='ltr'>exortus</span> <span class='ocrx_word' id='word_1_124' title='bbox 775 2222 862 2286; x_wconf 84' lang='lat' dir='ltr'>est</span> <span class='ocrx_word' id='word_1_125' title='bbox 906 2241 1124 2308; x_wconf 79' lang='lat' dir='ltr'>nuper</span> <span class='ocrx_word' id='word_1_126' title='bbox 1172 2219 1566 2285; x_wconf 81' lang='lat' dir='ltr'><strong>semidoctus</strong></span> <span class='ocrx_word' id='word_1_127' title='bbox 1599 2220 1950 2309; x_wconf 80' lang='lat' dir='ltr'>prosess&#39;or,</span> <span class='ocrx_word' id='word_1_128' title='bbox 2008 2223 2297 2291; x_wconf 83' lang='lat' dir='ltr'>Vauvil-</span> 
     </span>
     <span class='ocr_line' id='line_1_19' title="bbox 301 2323 2295 2414; baseline -0.002 -17"><span class='ocrx_word' id='word_1_129' title='bbox 301 2328 506 2397; x_wconf 72' lang='lat' dir='ltr'>letius</span> <span class='ocrx_word' id='word_1_130' title='bbox 516 2369 543 2405; x_wconf 86' lang='lat'>,</span> <span class='ocrx_word' id='word_1_131' title='bbox 593 2326 710 2414; x_wconf 88' lang='lat' dir='ltr'>qui</span> <span class='ocrx_word' id='word_1_132' title='bbox 742 2325 900 2393; x_wconf 83' lang='lat' dir='ltr'>viris</span> <span class='ocrx_word' id='word_1_133' title='bbox 931 2323 992 2388; x_wconf 86' lang='lat' dir='ltr'>se</span> <span class='ocrx_word' id='word_1_134' title='bbox 1034 2324 1229 2410; x_wconf 83' lang='lat' dir='ltr'>longe</span> <span class='ocrx_word' id='word_1_135' title='bbox 1259 2323 1646 2392; x_wconf 84' lang='lat' dir='ltr'>melioribus</span> <span class='ocrx_word' id='word_1_136' title='bbox 1673 2327 2052 2414; x_wconf 68' lang='lat' dir='ltr'>carpendis),</span> <span class='ocrx_word' id='word_1_137' title='bbox 2104 2339 2206 2414; x_wconf 80' lang='lat' dir='ltr'>et,</span> <span class='ocrx_word' id='word_1_138' title='bbox 2246 2329 2295 2394; x_wconf 85' lang='lat' dir='ltr'><strong>fi</strong></span> 
     </span>
     <span class='ocr_line' id='line_1_20' title="bbox 302 2426 2295 2521; baseline 0 -23"><span class='ocrx_word' id='word_1_139' title='bbox 302 2432 454 2502; x_wconf 84' lang='lat' dir='ltr'>Diis</span> <span class='ocrx_word' id='word_1_140' title='bbox 493 2432 744 2521; x_wconf 85' lang='lat' dir='ltr'>placet,</span> <span class='ocrx_word' id='word_1_141' title='bbox 828 2426 1198 2495; x_wconf 80' lang='lat' dir='ltr'>refellendis</span> <span class='ocrx_word' id='word_1_142' title='bbox 1216 2476 1237 2514; x_wconf 94' lang='lat'>,</span> <span class='ocrx_word' id='word_1_143' title='bbox 1313 2427 1569 2494; x_wconf 79' lang='lat' dir='ltr'><strong>famam</strong></span> <span class='ocrx_word' id='word_1_144' title='bbox 1628 2452 1936 2519; x_wconf 82' lang='lat' dir='ltr'>quaerere</span> <span class='ocrx_word' id='word_1_145' title='bbox 1995 2429 2295 2498; x_wconf 87' lang='lat' dir='ltr'>instituit.</span> 
     </span>
     <span class='ocr_line' id='line_1_21' title="bbox 303 2530 2296 2624; baseline -0.001 -21"><span class='ocrx_word' id='word_1_146' title='bbox 303 2539 364 2603; x_wconf 85' lang='lat' dir='ltr'>Is</span> <span class='ocrx_word' id='word_1_147' title='bbox 397 2535 601 2600; x_wconf 81' lang='lat' dir='ltr'>etiam</span> <span class='ocrx_word' id='word_1_148' title='bbox 638 2535 919 2602; x_wconf 86' lang='lat' dir='ltr'>eundem</span> <span class='ocrx_word' id='word_1_149' title='bbox 959 2530 1143 2597; x_wconf 89' lang='lat' dir='ltr'>hunc</span> <span class='ocrx_word' id='word_1_150' title='bbox 1186 2530 1481 2620; x_wconf 74' lang='lat' dir='ltr'>versum,</span> <span class='ocrx_word' id='word_1_151' title='bbox 1534 2556 1621 2600; x_wconf 85' lang='lat' dir='ltr'>ex</span> <span class='ocrx_word' id='word_1_152' title='bbox 1651 2556 1828 2622; x_wconf 88' lang='lat' dir='ltr'>penu</span> <span class='ocrx_word' id='word_1_153' title='bbox 1871 2536 1987 2601; x_wconf 88' lang='lat' dir='ltr'>suo</span> <span class='ocrx_word' id='word_1_154' title='bbox 2031 2535 2296 2624; x_wconf 80' lang='lat' dir='ltr'>scilicet,</span> 
     </span>
     <span class='ocr_line' id='line_1_22' title="bbox 296 2635 2296 2728; baseline -0.002 -19"><span class='ocrx_word' id='word_1_155' title='bbox 296 2643 391 2710; x_wconf 68' lang='lat' dir='ltr'>nd</span> <span class='ocrx_word' id='word_1_156' title='bbox 421 2638 791 2705; x_wconf 84' lang='lat' dir='ltr'>Dawefium</span> <span class='ocrx_word' id='word_1_157' title='bbox 822 2648 886 2702; x_wconf 87' lang='lat' dir='ltr'>et</span> <span class='ocrx_word' id='word_1_158' title='bbox 916 2635 1470 2704; x_wconf 81' lang='lat' dir='ltr'>Valckeuaerium</span> <span class='ocrx_word' id='word_1_159' title='bbox 1511 2640 1994 2725; x_wconf 80' lang='lat' dir='ltr'>redarguendos</span> <span class='ocrx_word' id='word_1_160' title='bbox 2021 2641 2296 2728; x_wconf 80' lang='lat' dir='ltr'><strong>profert.</strong></span> 
     </span>
     <span class='ocr_line' id='line_1_23' title="bbox 303 2727 2294 2833; baseline -0.002 -21"><span class='ocrx_word' id='word_1_161' title='bbox 303 2747 485 2812; x_wconf 89' lang='lat' dir='ltr'>Eum</span> <span class='ocrx_word' id='word_1_162' title='bbox 510 2727 691 2808; x_wconf 42' lang='lat' dir='ltr'>‘satis‘</span> <span class='ocrx_word' id='word_1_163' title='bbox 723 2741 1085 2827; x_wconf 80' lang='lat' dir='ltr'>exagitavit</span> <span class='ocrx_word' id='word_1_164' title='bbox 1125 2739 1500 2808; x_wconf 84' lang='lat' dir='ltr'>Brunckius</span> <span class='ocrx_word' id='word_1_165' title='bbox 1538 2744 1622 2807; x_wconf 83' lang='lat' dir='ltr'>ad</span> <span class='ocrx_word' id='word_1_166' title='bbox 1667 2742 1840 2807; x_wconf 82' lang='lat' dir='ltr'><strong>Rau.</strong></span> <span class='ocrx_word' id='word_1_167' title='bbox 1879 2767 1905 2807; x_wconf 86' lang='lat'><em>1</em></span> <span class='ocrx_word' id='word_1_168' title='bbox 1926 2744 2111 2831; x_wconf 78' lang='lat'>405,</span> <span class='ocrx_word' id='word_1_169' title='bbox 2175 2744 2294 2833; x_wconf 89' lang='lat' dir='ltr'>qui</span> 
     </span>
    </p>
   </div>
   <div class='ocr_carea' id='block_1_3' title="bbox 306 2843 2408 2935">
    <p class='ocr_par' dir='ltr' id='par_1_6' title="bbox 306 2843 2408 2935">
     <span class='ocr_line' id='line_1_24' title="bbox 306 2843 2408 2935; baseline -0.002 -20"><span class='ocrx_word' id='word_1_170' title='bbox 306 2873 388 2915; x_wconf 85' lang='lat' dir='ltr'>ne</span> <span class='ocrx_word' id='word_1_171' title='bbox 427 2845 564 2935; x_wconf 82' lang='lat' dir='ltr'>ipse</span> <span class='ocrx_word' id='word_1_172' title='bbox 595 2845 863 2934; x_wconf 86' lang='lat' dir='ltr'>quidem</span> <span class='ocrx_word' id='word_1_173' title='bbox 891 2867 1036 2910; x_wconf 87' lang='lat' dir='ltr'>rem</span> <span class='ocrx_word' id='word_1_174' title='bbox 1065 2867 1190 2910; x_wconf 81' lang='lat' dir='ltr'>acu</span> <span class='ocrx_word' id='word_1_175' title='bbox 1216 2844 1450 2931; x_wconf 83' lang='lat' dir='ltr'>tetigit.</span> <span class='ocrx_word' id='word_1_176' title='bbox 1519 2845 1694 2929; x_wconf 81' lang='lat' dir='ltr'>Cum</span> <span class='ocrx_word' id='word_1_177' title='bbox 1724 2846 1904 2911; x_wconf 88' lang='lat' dir='ltr'>enim</span> <span class='ocrx_word' id='word_1_178' title='bbox 1936 2847 2071 2913; x_wconf 92' lang='lat' dir='ltr'>duo</span> <span class='ocrx_word' id='word_1_179' title='bbox 2100 2847 2291 2913; x_wconf 88' lang='lat' dir='ltr'><strong>MSS.</strong></span> <span class='ocrx_word' id='word_1_180' title='bbox 2320 2843 2408 2903; x_wconf 78' lang='grc'>36</span> 
     </span>
    </p>
   </div>
   <div class='ocr_carea' id='block_1_4' title="bbox 234 2944 2295 3742">
    <p class='ocr_par' dir='ltr' id='par_1_7' title="bbox 234 2944 2294 3348">
     <span class='ocr_line' id='line_1_25' title="bbox 302 2944 2294 3033; baseline -0.001 -16"><span class='ocrx_word' id='word_1_181' title='bbox 302 2944 424 3017; x_wconf 77' lang='grc' dir='ltr'>δύο</span> <span class='ocrx_word' id='word_1_182' title='bbox 456 2949 854 3031; x_wconf 74' lang='lat' dir='ltr'>exhibeant,</span> <span class='ocrx_word' id='word_1_183' title='bbox 901 2960 979 3014; x_wconf 90' lang='lat' dir='ltr'>ut</span> <span class='ocrx_word' id='word_1_184' title='bbox 1008 2959 1220 3013; x_wconf 82' lang='lat' dir='ltr'>metro</span> <span class='ocrx_word' id='word_1_185' title='bbox 1248 2948 1569 3013; x_wconf 85' lang='lat' dir='ltr'>titubanti</span> <span class='ocrx_word' id='word_1_186' title='bbox 1601 2944 1973 3033; x_wconf 81' lang='lat' dir='ltr'>subveniat,</span> <span class='ocrx_word' id='word_1_187' title='bbox 2035 2969 2149 3014; x_wconf 83' lang='grc' dir='ltr'>σοι</span> <span class='ocrx_word' id='word_1_188' title='bbox 2187 2951 2294 3015; x_wconf 87' lang='lat' dir='ltr'>in-</span> 
     </span>
     <span class='ocr_line' id='line_1_26' title="bbox 302 3051 2294 3141; baseline -0.002 -18"><span class='ocrx_word' id='word_1_189' title='bbox 302 3054 493 3123; x_wconf 83' lang='lat' dir='ltr'>fercit</span> <span class='ocrx_word' id='word_1_190' title='bbox 505 3100 527 3140; x_wconf 89' lang='lat'>,</span> <span class='ocrx_word' id='word_1_191' title='bbox 585 3051 782 3141; x_wconf 87' lang='lat' dir='ltr'>idque</span> <span class='ocrx_word' id='word_1_192' title='bbox 812 3063 1010 3141; x_wconf 81' lang='lat' dir='ltr'>putat</span> <span class='ocrx_word' id='word_1_193' title='bbox 1040 3051 1430 3117; x_wconf 81' lang='lat' dir='ltr'>sententiam</span> <span class='ocrx_word' id='word_1_194' title='bbox 1472 3052 1814 3140; x_wconf 81' lang='lat' dir='ltr'>postulare.</span> <span class='ocrx_word' id='word_1_195' title='bbox 1916 3052 2120 3119; x_wconf 82' lang='lat' dir='ltr'>Nihil</span> <span class='ocrx_word' id='word_1_196' title='bbox 2163 3054 2294 3119; x_wconf 90' lang='lat' dir='ltr'>mi-</span> 
     </span>
     <span class='ocr_line' id='line_1_27' title="bbox 234 3156 2135 3245; baseline 0.001 -20"><span class='ocrx_word' id='word_1_197' title='bbox 234 3203 239 3209; x_wconf 88' lang='lat'><strong>·</strong></span> <span class='ocrx_word' id='word_1_198' title='bbox 300 3182 443 3227; x_wconf 87' lang='lat' dir='ltr'>nus.</span> <span class='ocrx_word' id='word_1_199' title='bbox 547 3156 928 3245; x_wconf 75' lang='lat' dir='ltr'>Trampone</span> <span class='ocrx_word' id='word_1_200' title='bbox 955 3165 1227 3221; x_wconf 83' lang='lat' dir='ltr'>tantum</span> <span class='ocrx_word' id='word_1_201' title='bbox 1258 3156 1665 3243; x_wconf 81' lang='lat' dir='ltr'>particulam</span> <span class='ocrx_word' id='word_1_202' title='bbox 1706 3178 1815 3242; x_wconf 78' lang='grc' dir='ltr'>γε,</span> <span class='ocrx_word' id='word_1_203' title='bbox 1865 3167 1931 3224; x_wconf 81' lang='lat' dir='ltr'>et</span> <span class='ocrx_word' id='word_1_204' title='bbox 1957 3158 2098 3245; x_wconf 88' lang='lat' dir='ltr'>lege</span> <span class='ocrx_word' id='word_1_205' title='bbox 2113 3206 2135 3243; x_wconf 86' lang='lat'>,</span> 
     </span>
     <span class='ocr_line' id='line_1_28' title="bbox 502 3248 1961 3348; baseline -0.003 -20"><span class='ocrx_word' id='word_1_206' title='bbox 502 3249 657 3328; x_wconf 70' lang='lat' dir='ltr'>Kaz&#39;</span> <span class='ocrx_word' id='word_1_207' title='bbox 684 3248 764 3339; x_wconf 80' lang='grc' dir='ltr'>νὴ</span> <span class='ocrx_word' id='word_1_208' title='bbox 813 3249 902 3327; x_wconf 77' lang='grc' dir='ltr'>Δί’</span> <span class='ocrx_word' id='word_1_209' title='bbox 948 3258 1017 3324; x_wconf 77' lang='grc' dir='ltr'>εἴ</span> <span class='ocrx_word' id='word_1_210' title='bbox 1061 3281 1137 3343; x_wconf 79' lang='grc' dir='ltr'>γε</span> <span class='ocrx_word' id='word_1_211' title='bbox 1199 3250 1318 3328; x_wconf 84' lang='grc' dir='ltr'>δύο</span> <span class='ocrx_word' id='word_1_212' title='bbox 1362 3256 1662 3341; x_wconf 73' lang='grc' dir='ltr'><em>λεγοίτην</em></span> <span class='ocrx_word' id='word_1_213' title='bbox 1708 3252 1961 3348; x_wconf 75' lang='grc' dir='ltr'><strong><em>ῥήτορε.</em></strong></span> 
     </span>
    </p>

    <p class='ocr_par' dir='ltr' id='par_1_8' title="bbox 297 3361 2295 3561">
     <span class='ocr_line' id='line_1_29' title="bbox 302 3361 2295 3502; baseline 0.002 -72"><span class='ocrx_word' id='word_1_214' title='bbox 302 3363 448 3430; x_wconf 83' lang='lat' dir='ltr'>Iam</span> <span class='ocrx_word' id='word_1_215' title='bbox 472 3362 658 3450; x_wconf 77' lang='lat' dir='ltr'>vide,</span> <span class='ocrx_word' id='word_1_216' title='bbox 712 3374 792 3427; x_wconf 89' lang='lat' dir='ltr'>ut</span> <span class='ocrx_word' id='word_1_217' title='bbox 835 3364 1014 3427; x_wconf 89' lang='lat' dir='ltr'>idem</span> <span class='ocrx_word' id='word_1_218' title='bbox 1056 3361 1428 3427; x_wconf 86' lang='lat' dir='ltr'>mendum</span> <span class='ocrx_word' id='word_1_219' title='bbox 1407 3383 1479 3425; x_wconf 92' lang='grc'>111</span> <span class='ocrx_word' id='word_1_220' title='bbox 1521 3363 1668 3429; x_wconf 90' lang='lat' dir='ltr'>loco</span> <span class='ocrx_word' id='word_1_221' title='bbox 1698 3388 1784 3431; x_wconf 84' lang='lat' dir='ltr'>ex</span> <span class='ocrx_word' id='word_1_222' title='bbox 1812 3361 2071 3502; x_wconf 79' lang='lat' dir='ltr'>Avibus</span> <span class='ocrx_word' id='word_1_223' title='bbox 2097 3362 2295 3455; x_wconf 80' lang='lat' dir='ltr'><strong>supra</strong></span> 
     </span>
     <span class='ocr_line' id='line_1_30' title="bbox 297 3461 1543 3561; baseline -0.005 -25"><span class='ocrx_word' id='word_1_224' title='bbox 297 3469 565 3561; x_wconf 79' lang='lat' dir='ltr'><strong>prolato</strong></span> <span class='ocrx_word' id='word_1_225' title='bbox 598 3461 836 3532; x_wconf 83' lang='lat' dir='ltr'>Suidae</span> <span class='ocrx_word' id='word_1_226' title='bbox 873 3465 1206 3532; x_wconf 77' lang='lat' dir='ltr'>codicibus</span> <span class='ocrx_word' id='word_1_227' title='bbox 1248 3466 1543 3532; x_wconf 85' lang='lat' dir='ltr'>inolevit.</span> 
     </span>
    </p>

    <p class='ocr_par' dir='ltr' id='par_1_9' title="bbox 295 3569 2293 3742">
     <span class='ocr_line' id='line_1_31' title="bbox 447 3569 2293 3668; baseline 0.001 -29"><span class='ocrx_word' id='word_1_228' title='bbox 447 3572 523 3639; x_wconf 88' lang='grc' dir='ltr'><strong>Ν</strong></span> <span class='ocrx_word' id='word_1_229' title='bbox 525 3594 613 3637; x_wconf 83' lang='grc'>011</span> <span class='ocrx_word' id='word_1_230' title='bbox 641 3569 933 3638; x_wconf 76' lang='lat' dir='ltr'>djffimili</span> <span class='ocrx_word' id='word_1_231' title='bbox 963 3569 1294 3637; x_wconf 83' lang='lat' dir='ltr'>medicina</span> <span class='ocrx_word' id='word_1_232' title='bbox 1336 3569 1625 3637; x_wconf 78' lang='lat' dir='ltr'>curanda</span> <span class='ocrx_word' id='word_1_233' title='bbox 1668 3569 1986 3648; x_wconf 58' lang='lat' dir='ltr'>suntduo</span> <span class='ocrx_word' id='word_1_234' title='bbox 2025 3572 2293 3668; x_wconf 81' lang='lat' dir='ltr'>sequeu-</span> 
     </span>
     <span class='ocr_line' id='line_1_32' title="bbox 295 3675 648 3742; baseline 0 -2"><span class='ocrx_word' id='word_1_235' title='bbox 295 3675 395 3740; x_wconf 77' lang='lat' dir='ltr'>tia</span> <span class='ocrx_word' id='word_1_236' title='bbox 423 3676 599 3742; x_wconf 81' lang='lat' dir='ltr'><strong>loca:</strong></span> <span class='ocrx_word' id='word_1_237' title='bbox 644 3707 648 3714; x_wconf 70' lang='lat'>‚</span> 
     </span>
    </p>
   </div>
   <div class='ocr_carea' id='block_1_5' title="bbox 443 3773 2037 3966">
    <p class='ocr_par' dir='ltr' id='par_1_10' title="bbox 443 3773 2024 3965">
     <span class='ocr_line' id='line_1_33' title="bbox 443 3773 1191 3866; baseline -0.007 -19"><span class='ocrx_word' id='word_1_238' title='bbox 443 3773 1040 3866; x_wconf 78' lang='lat' dir='ltr'>A1·istophan.Av.</span> <span class='ocrx_word' id='word_1_239' title='bbox 1080 3800 1108 3844; x_wconf 82' lang='grc'>1</span> <span class='ocrx_word' id='word_1_240' title='bbox 1134 3801 1191 3842; x_wconf 89' lang='grc'>1.</span> 
     </span>
     <span class='ocr_line' id='line_1_34' title="bbox 507 3869 2037 3966; baseline -0.003 -15"><span class='ocrx_word' id='word_1_241' title='bbox 507 3870 659 3951; x_wconf 71' lang='lat'><em>0135’</em></span> <span class='ocrx_word' id='word_1_242' title='bbox 707 3875 793 3946; x_wconf 68' lang='grc' dir='ltr'>ἂν</span> <span class='ocrx_word' id='word_1_243' title='bbox 835 3905 934 3965; x_wconf 85' lang='grc' dir='ltr'>μοι</span> <span class='ocrx_word' id='word_1_244' title='bbox 985 3879 1101 3949; x_wconf 76' lang='grc' dir='ltr'>Δία</span> <span class='ocrx_word' id='word_1_245' title='bbox 1143 3869 1202 3965; x_wconf 67' lang='grc' dir='ltr'>γ’</span> <span class='ocrx_word' id='word_1_246' title='bbox 1250 3874 1560 3948; x_wconf 67' lang='grc' dir='ltr'>ἐντεῦθεν</span> <span class='ocrx_word' id='word_1_247' title='bbox 1596 3872 2037 3966; x_wconf 67' lang='grc' dir='ltr'>Ἐξηκεστίδης.</span> 
     </span>
    </p>
   </div>
   <div class='ocr_carea' id='block_1_6' title="bbox 299 3977 2646 4263">
    <p class='ocr_par' dir='ltr' id='par_1_11' title="bbox 299 3977 2646 4263">
     <span class='ocr_line' id='line_1_35' title="bbox 299 3977 2646 4126; baseline -0.001 -75"><span class='ocrx_word' id='word_1_248' title='bbox 299 3985 512 4074; x_wconf 83' lang='lat' dir='ltr'>Lege,</span> <span class='ocrx_word' id='word_1_249' title='bbox 561 3980 964 4104; x_wconf 75' lang='lat' dir='ltr'>transpofitis</span> <span class='ocrx_word' id='word_1_250' title='bbox 994 3977 1300 4071; x_wconf 71' lang='lat' dir='ltr'>vocibuS,</span> <span class='ocrx_word' id='word_1_251' title='bbox 2145 4022 2206 4126; x_wconf 60' lang='lat' dir='ltr'><em>f</em></span> <span class='ocrx_word' id='word_1_252' title='bbox 2257 4023 2288 4068; x_wconf 51' lang='lat'>¹‚·</span> <span class='ocrx_word' id='word_1_253' title='bbox 2567 4065 2578 4084; x_wconf 39' lang='grc' dir='ltr'><strong><em>ι</em></strong></span> <span class='ocrx_word' id='word_1_254' title='bbox 2637 4035 2646 4048; x_wconf 81' lang='lat'>.</span> 
     </span>
     <span class='ocr_line' id='line_1_36' title="bbox 507 4077 2544 4200; baseline -0.001 -44"><span class='ocrx_word' id='word_1_255' title='bbox 507 4079 671 4156; x_wconf 74' lang='grc' dir='ltr'>Οὐδὲ</span> <span class='ocrx_word' id='word_1_256' title='bbox 713 4078 830 4176; x_wconf 73' lang='grc' dir='ltr'>μοὶ</span> <span class='ocrx_word' id='word_1_257' title='bbox 862 4078 955 4157; x_wconf 64' lang='lat' dir='ltr'>A?</span> <span class='ocrx_word' id='word_1_258' title='bbox 1002 4083 1308 4158; x_wconf 74' lang='grc' dir='ltr'>ἐντεῦθέν</span> <span class='ocrx_word' id='word_1_259' title='bbox 1354 4079 1413 4176; x_wconf 76' lang='grc' dir='ltr'>γ’</span> <span class='ocrx_word' id='word_1_260' title='bbox 1454 4082 1541 4158; x_wconf 78' lang='grc' dir='ltr'>ἂν</span> <span class='ocrx_word' id='word_1_261' title='bbox 1585 4080 2034 4173; x_wconf 68' lang='grc' dir='ltr'><strong><em>Ἐξηκεστίδης</em></strong></span> <span class='ocrx_word' id='word_1_262' title='bbox 2133 4129 2154 4200; x_wconf 68' lang='lat'>1&#39;</span> <span class='ocrx_word' id='word_1_263' title='bbox 2223 4077 2354 4194; x_wconf 38' lang='lat' dir='ltr'>&#39;jd&#39;</span> <span class='ocrx_word' id='word_1_264' title='bbox 2428 4083 2440 4094; x_wconf 56' lang='lat'>⁶</span> <span class='ocrx_word' id='word_1_265' title='bbox 2535 4093 2544 4100; x_wconf 60' lang='lat'><em>²</em></span> 
     </span>
     <span class='ocr_line' id='line_1_37' title="bbox 447 4191 888 4263; baseline -0.002 -4"><span class='ocrx_word' id='word_1_266' title='bbox 447 4191 635 4259; x_wconf 75' lang='lat' dir='ltr'>Infra.</span> <span class='ocrx_word' id='word_1_267' title='bbox 677 4217 740 4263; x_wconf 82' lang='lat' dir='ltr'>v.</span> <span class='ocrx_word' id='word_1_268' title='bbox 774 4215 810 4260; x_wconf 86' lang='lat'><em>2</em></span> <span class='ocrx_word' id='word_1_269' title='bbox 829 4214 888 4258; x_wconf 81' lang='lat'>2.</span> 
     </span>
    </p>
   </div>
   <div class='ocr_carea' id='block_1_7' title="bbox 2436 2484 2475 2524">
    <p class='ocr_par' dir='ltr' id='par_1_12' title="bbox 2436 2484 2475 2524">
     <span class='ocr_line' id='line_1_38' title="bbox 2436 2484 2475 2524; baseline 0 -18"><span class='ocrx_word' id='word_1_270' title='bbox 2436 2484 2475 2524; x_wconf 57' lang='lat'>5.</span> 
     </span>
    </p>
   </div>
  </div>
 </body>
</html>
