2952 5028
695 402 846 473 27⁰
988 368 994 377 ⁴
1363 399 1455 445 IN
1523 397 2028 448 s'ronAEun.

853 562 1079 635 Edidit
1119 568 1396 634 Grotius
1444 556 1587 632 εἶτα
1647 556 1705 632 δ’
1771 560 1937 634 οὕτω
1991 563 2226 634 ἄδικον
2282 580 2512 634 contra
2563 593 2712 635 me-

703 684 893 739 trum
920 685 994 739 et.
1012 673 1306 738 indolem
1338 671 1650 737 sermonis
1674 694 1740 758 Ρ.
1777 672 1817 736 3
1837 695 1861 736 1
1883 693 1946 760 7.
2015 673 2140 738 Sed
2169 673 2524 758 legendum
2559 664 2711 740 εἶτα

701 773 896 845 τοῦτο
937 771 1219 843 τᾶδικον.
1321 777 1447 841 Sed
1480 776 1547 841 in
1579 774 1751 839 notis
1791 776 1977 860 citat,
2008 776 2183 866 quafi
2210 774 2500 842 edidisset
2532 769 2710 844 οὕτω

700 875 1005 962 τῶδικον,
1050 881 1230 968 quod
1274 882 1541 966 quidem
1573 880 1776 944 altero
1804 880 2038 967 paullo
2073 879 2493 946 tolerabilius.

699 1048 712 1061 ,
851 981 1024 1052 Ibid.
1072 1006 1136 1071 p.
1167 983 1333 1072 439.
1434 983 1889 1070 Antiphanes,

912 1083 993 1149 Τι’
1030 1078 1191 1176 φῂς;
1242 1087 1486 1151 λαθεῖν
1523 1080 1820 1166 ζητοῦντι
1864 1075 2036 1173 πρός
2074 1088 2349 1169 γυναῖκα
2461 1109 2467 1115 ·

904 1178 1098 1275 Ἐρεῖς
1141 1213 1219 1254 το
1264 1178 1578 1277 πρᾶγμας
1648 1193 1757 1254 καὶ
1803 1186 1901 1255 τί
1920 1184 2114 1255 τοῦτο
2159 1189 2498 1280 διαφέρει,

887 1284 1000 1358 ’H
1032 1285 1200 1357 πᾶσι
1238 1295 1375 1368 τοῖς
1427 1284 1687 1381 κήρυξιν
1729 1294 1798 1357 ἐν
1838 1281 2051 1381 οἷγορᾷ
2096 1284 2388 1383 φράσαι·
2373 1344 2392 1381 ,

701 1385 827 1460 σοῦ
864 1393 999 1481 post
1022 1399 1287 1479 γυναῖκα
1316 1396 1503 1461 addit
1530 1396 1805 1462 Grotius
1841 1418 1910 1483 Ρ.
1944 1397 2114 1462 321.
2219 1398 2354 1462 Pro
2400 1396 2706 1485 διαφέρει

702 1500 842 1584 lege
878 1497 1218 1589 διαφέρειν
1267 1500 1431 1582 σι’,ει
1516 1500 1655 1583 vel,
1720 1500 1765 1563 fi
1805 1501 2014 1565 mavis
2030 1498 2346 1585 ,δοκεῖς.
2465 1500 2535 1564 Si
2580 1494 2708 1564 σοῦ

624 1600 638 1614 ’
702 1603 1016 1685 addatur,
1063 1602 1255 1668 debet
1283 1548 1439 1669 addi
1482 1613 1554 1668 et
1595 1602 1930 1669 articulus„
2036 1602 2303 1670 Pellime
2337 1627 2482 1669 rem
2527 1602 2706 1690 geffit

702 1706 1078 1773 Brunckius
1112 1708 1196 1772 ad
1230 1706 1570 1793 Aristoph.
1603 1706 1784 1773 Nub.
1830 1728 1994 1796 199.
2094 1706 2338 1772 Confer
2368 1708 2488 1797 Eq.
2534 1707 2706 1774 860.

702 1810 961 1898 Lyfistr.
996 1810 1160 1898 247.
1198 1811 1363 1877 464.
1403 1810 1566 1901 763.
1608 1834 1636 1875 1
1661 1813 1823 1899 149.

853 1912 1192 2001 Euripidis
1225 1914 1411 1980 locus
1451 1916 1633 2003 apud
1670 1912 1988 1980 Grotium
2025 1936 2093 2002 p.
2127 1914 2294 1982 325.
2334 1936 2472 1979 non
2500 1912 2590 1978 est
2615 1935 2704 1978 ex

702 2015 1082 2106 Iphigenia,
1136 2016 1240 2084 sed
1272 2017 1427 2083 Ione
1457 2017 1626 2110 407.

780 2142 786 2149 ’
851 2120 1207 2187 LXXVII.
1254 2146 1319 2211 p.
1352 2121 1521 2189 454.
1622 2120 2091 2206 Dicaeogenes:

903 2214 1128 2302 Αὐτός
1167 2224 1236 2288 δὲ
1275 2229 1547 2315 τραφεὶς
1596 2218 1721 2291 τῶν
1766 2215 2222 2315 φυτευσάντων·
2257 2215 2411 2297 ὕπο.
2476 2250 2481 2261 ¹

703 2327 772 2395 T
772 2329 1114 2414 ransponit
1170 2330 1445 2394 Grotius
1496 2330 1765 2419 τραφεὶς
1822 2327 1889 2392 δὲ
1951 2350 2016 2415 Ρ.
2056 2328 2158 2392 ‘33
2175 2349 2236 2417 7.
2353 2328 2528 2413 Lege
2568 2316 2706 2392 Aa}-

707 2419 823 2504 τός
855 2430 944 2493 δὲ
986 2430 1341 2518 θρεφθείς.

707 2553 716 2558 ·
858 2534 1247 2599 LXXXIV.
1281 2558 1344 2623 p.
1383 2535 1553 2623 492.
1657 2533 2092 2621 Astydamas:

890 2630 1126 2701 ’Ἕνεκα
1169 2632 1293 2702 τῶν
1332 2638 1514 2702 ἐστιν
1556 2625 1769 2723 εὑρεῖν
1811 2628 1994 2724 ἄνδρ’
2035 2638 2184 2722 ἕνα,

914 2739 1056 2807 Καὶ
1104 2734 1344 2806 τοῦτον
1384 2741 1449 2806 οἱ
1494 2735 1864 2822 ζητοῦντες,
1911 2735 2034 2808 εἰσὶ
2072 2732 2324 2828 μύριοι.

705 2939 861 3016 ,Κᾶν
884 2981 992 2994 —-
1021 2935 1166 3012 ὦσι.
1236 2949 1486 3015 Malim
1514 2936 1616 3014 Ἐν
1647 2936 1707 3012 δ’
1739 2938 1970 3013 ἑκατόν
2004 2947 2185 3012 ἐστιν
2227 2943 2413 3035 ἔργον
2440 2981 2548 2995 -
2574 2939 2709 3014 Κεί

707 3084 813 3106 ν·-
843 3043 969 3116 εἰσὶ
1005 3042 1261 3136 μύριοι.

857 3152 937 3217 111
962 3155 1111 3218 loco
1137 3155 1558 3243 Epicharmi,
1603 3155 1705 3220 vel
1733 3152 1957 3242 potius
1984 3153 2373 3238 Menandri,
2423 3154 2704 3219 Grotius

706 3255 883 3320 male
928 3258 1319 3325 Salmafium
1374 3258 1631 3324 secutus
1672 3256 1757 3322 est
1800 3282 1864 3345 p.
1899 3258 2069 3324 353.
2186 3258 2575 3343 Legendum
2617 3258 2704 3323 est

705 3352 795 3425 Εἰ
834 3349 927 3442 μή
980 3361 1189 3444 λέγειν
1236 3353 1295 3426 δ’
1349 3360 1572 3447 ἔχουσι
1617 3352 1884 3438 τούτους
1913 3396 2018 3409 --
2085 3362 2420 3451 quomodo
2459 3360 2538 3427 in
2583 3360 2704 3426 ser·-

705 3482 903 3528 mone
967 3463 1250 3554 sequenti
1313 3465 1587 3532 exhibet
1654 3464 1860 3532 editio
1896 3464 2357 3535 ‹Trincavelli
2436 3457 2702 3555 (Vulgo

707 3558 949 3652 τοῦτο.)
984 3595 1024 3622 ..-

859 3667 1248 3738 LXXXVI.
1292 3696 1357 3761 p.
1391 3672 1559 3762 498.
1663 3673 2033 3760 Sophocles
2057 3659 2305 3764 Ἀλήτῃ.

1036 3765 1318 3858 Σήμαιν’
1366 3770 1560 3843 οὕτου
1599 3766 1656 3842 τ’
1697 3767 1762 3843 εἶ
1795 3779 1905 3841 καὶ
1956 3768 2196 3842 πόθεν.

706 3872 981 3940 Grotius
1009 3876 1187 3942 dedit
1219 3870 1483 3962 σήμαιν’
1535 3871 1692 3947 ὅτου
1744 3870 1802 3945 τ’
1861 3869 1923 3945 εἶ
1972 3883 2081 3944 καὶ
2143 3869 2370 3945 πόθεν
2424 3902 2492 3971 p.
2526 3879 2701 3947 361.

704 3978 934 4044 Potius
959 4000 1046 4047 ex
1076 3982 1174 4050 ed.
1207 3982 1614 4049 Trincavelli
1643 3982 1924 4069 vestigiis
1968 3974 2037 4061 (ὁ
2074 3973 2325 4073 πόθεν)
2366 3983 2543 4069 legas
2579 3975 2708 4070 χῶ-

709 4073 950 4149 πόθεν.
1052 4084 1131 4151 In
1165 4086 1404 4176 Eurip.
1434 4088 1583 4154 Hel.
1615 4085 1830 4153 παιδί.
