2952 5028
706 958 1742 1039 RRAELECTIO.

1179 1188 1283 1230 11³¹

382 1346 2076 1443 EURIPIDEM.

332 1774 720 1864 Digniffime
770 1777 1099 1866 Domine,
1162 1776 1454 1846 Domine
1497 1774 2052 1867 Procancellarie‚
2122 1800 2228 1846 ce·

435 1880 689 1977 terique
737 1879 1084 1948 doctiffimi
1125 1880 1490 1970 Electore83

235 2072 452 2182 Cum
517 2116 720 2184 huius
778 2117 903 2184 five
970 2117 1243 2187 honoris
1301 2118 1427 2186 five
1500 2117 1702 2187 officii
1756 2120 1934 2185 ratio
2009 2117 2233 2210 postu·

230 2222 364 2305 let„
440 2232 521 2284 ut
562 2220 953 2286 ⁴candidatus
995 2222 1252 2309 aliquid
1294 2222 1474 2310 quod
1517 2222 1601 2287 ad
1645 2222 1980 2287 Graecum
2023 2243 2231 2310 quen-

233 2324 399 2388 dam
430 2322 809 2413 scriptorem
840 2324 1310 2391 illustrandum
1338 2324 1663 2413 pertineat
1679 2372 1702 2410 ‚
1750 2324 1824 2391 in
1853 2325 1959 2390 his
1990 2324 2230 2393 scholis

234 2425 499 2514 publice
529 2429 852 2518 praelegat
865 2475 888 2513 ‚
929 2450 1044 2496 vos
1072 2428 1249 2495 mihi
1275 2428 1473 2495 hod-ie
1504 2427 1896 2518 Euripidem
1912 2476 1933 2514 ‚
1982 2431 2062 2496 de
2092 2451 2231 2520 quo
2298 2445 2309 2454 ·

233 2531 434 2598 verba
461 2532 784 2620 facerem,
830 2531 1108 2601 dedistis.
1212 2532 1643 2600 Uberrimam
1676 2533 1826 2599 sane
1851 2534 2227 2620 materiam,

233 2646 300 2699 et
346 2638 531 2702 omni
577 2637 683 2706 vel
740 2636 1151 2725 optimorum
1198 2635 1622 2724 ingeniorum
1675 2637 1888 2710 studio
1947 2662 2024 2703 ac
2071 2660 2228 2704 con-

234 2740 524 2805 tentione
579 2734 1056 2829 digniffimam!
1157 2739 1284 2805 Sed
1326 2752 1577 2828 quanto
1630 2740 1715 2805 est
1761 2741 2027 2827 dignior
2066 2742 2227 2807 ube-

233 2842 502 2931 riorque
526 2843 808 2910 materia
822 2888 844 2932 ‚
895 2853 1082 2910 tanto
1113 2841 1467 2932 impenfius
1498 2843 1688 2909 nobis
1726 2845 2089 2910 verendum
2118 2844 2229 2928 est,

236 2966 322 3012 ne
359 2970 507 3011 eam
540 2969 788 3036 parum
827 2947 1108 3014 feliciter
1147 2969 1267 3014 nec
1307 2968 1432 3035 pro
1472 2946 1571 3011 rei
1591 2945 1948 3012 ·maiestatc
1991 2957 2227 3013 tracte-

234 3071 405 3115 mus.
501 3051 594 3117 Et
637 3075 795 3116 cum
841 3051 1084 3117 soleam
1115 3046 1285 3139 ipse,
1343 3071 1479 3137 quo
1523 3046 1747 3136 minus
1787 3048 2051 3136 ingenio
2082 3048 2231 3137 pos-

236 3151 421 3244 sum,
468 3176 546 3220 eo
576 3154 797 3220 maius
838 3153 1184 3241 diligentia
1219 3151 1581 3219 subsidium
1620 3151 1794 3221 mihi
1822 3175 2228 3243 comparare,

236 3254 370 3321 hoc
420 3258 597 3328 mihi
654 3257 1122 3325 adiumentum
1181 3255 1515 3343 angustiae
1556 3257 1904 3345 temporie,
1986 3257 2228 3347 quibus

236 3382 421 3425 nunc
476 3361 822 3428 necessario
878 3357 1219 3428 conclusus
1270 3359 1418 3425 sum
1434 3405 1457 3445 ‚
1556 3360 1974 3447 denegarunt.
2097 3360 2228 3428 Sed

236 3464 420 3553 quod
460 3466 685 3553 prima
724 3464 942 3530 fronte
995 3485 1114 3551 per
1159 3463 1353 3536 mihi*
1373 3462 1881 3530 incommodum
1935 3463 2231 3533 accidisse

238 3565 459 3637 visum
489 3579 668 3654 erat,
714 3566 1022 3633 attentius
1050 3583 1195 3634 rem
1224 3565 1606 3655 inspicienti
1649 3568 1872 3632 minus
1914 3566 2055 3632 iam
2096 3566 2228 3636 mi·-
2262 3568 2305 3626 4

237 3692 491 3759 nusque
533 3669 967 3738 solicitudinis
996 3669 1175 3735 mihi
1213 3668 1535 3744 afferebat.
1621 3670 2017 3757 Quicunque
2046 3673 2231 3737 enim

236 3771 613 3841 Profess'orii
663 3773 867 3845 huius
922 3772 1218 3840 muneris
1268 3771 1658 3842 candidatus
1700 3773 1964 3860 prodire
2009 3776 2241 3863 audet5·

237 3876 295 3943 is
320 3877 671 3946 literarum
709 3878 903 3945 fimul
933 3878 1418 3946 humaniorum
1449 3876 1742 3965 aliquem
1768 3876 2055 3964 gustum,
2108 3877 2231 3943 ali-

238 4004 442 4071 quam
514 3980 858 4054 scientiam
926 3993 1131 4071 atque
1199 3980 1679 4071 experientiam
1744 3981 1860 4047 fibi
1921 4001 2232 4066 arrogare

237 4085 526 4154 videtur.
556 4119 561 4124 ·
624 4086 698 4152 Si
729 4086 939 4174 igitur
968 4088 1122 4174 plus
1157 4084 1354 4176 spatii
1389 4086 1472 4151 ad
1505 4087 1937 4174 cogitandum
1981 4081 2230 4149 sumfis-

237 4184 374 4254 sem
390 4237 414 4277 ‚
477 4211 801 4277 maguam
841 4187 1133 4258 fot-taff&
1147 4186 1587 4274 adversariam
1614 4200 1845 4258 contra
1886 4210 1995 4255 me
2035 4208 2234 4275 para·

1400 4292 1473 4358 A
1522 4312 1557 4354 2
