2952 5028
931 393 1028 439 m
1102 391 1652 443 Eumnnmt.
2200 374 2298 446 ιδ’

284 565 474 632 nulla
517 572 654 631 erat
698 583 867 652 quae
923 561 1236 630 libentius
1291 576 1643 654 poetarum
1695 562 2055 630 testimonia
2095 564 2286 632 usur·

281 679 508 761 paret,
593 689 802 756 quam
877 666 1275 733 Stoicorum.
1421 667 1648 753 Huius
1715 665 1916 732 sectae
1979 669 2283 758 princeps

282 771 699 861 Chryfippus
731 783 873 835 tam
916 770 1293 860 frequenter
1326 771 1405 836 in·
1435 772 1729 858 quodam
1774 770 1950 837 libro
1984 772 2097 837 suo
2139 797 2285 840 ver-

265 877 389 943 'sus
434 897 522 941 ex
563 874 908 962 Euripidis
952 873 1189 940 Medea
1233 897 1357 962 pro
1396 874 1781 940 testimoniis
1817 872 2143 962 posuerit,
2207 888 2284 940 ut

268 980 340 1046 ‘is
378 978 547 1045 liber
609 1001 648 1042 a
691 976 932 1044 festivis
986 976 1376 1043 hominibus
1420 977 1781 1066 chryfippi
1817 978 2058 1044 Medea
2092 1000 2286 1044 voca-

280 1094 485 1149 retur.
606 1081 697 1145 Et
749 1079 869 1146 vix
907 1079 1281 1169 quisquam.
1304 1080 1397 1145 est
1431 1081 1733 1146 doctriua
1780 1081 1996 1146 clarus
2031 1081 2285 1160 rhetor,

284 1196 400 1252 aut
445 1183 671 1257 ulline·
687 1183 942 1269 generi&
980 1183 1260 1272 scriptor
1274 1226 1296 1268 ‚
1373 1182 1490 1272 qui
1534 1206 1671 1250 non
1711 1185 1797 1250 ad
1844 1183 2070 1250 Nostri
2114 1185 2285 1251 testi-

278 1288 596 1358 monium
634 1287 995 1376 aliquando
1016 1294 1357 1374 :provocet
1377 1329 1400 1364 ,
1476 1298 1598 1352 aut
1644 1285 1861 1366 versus
1901 1286 2040 1353 eiua
2084 1311 2284 1354 orna·

282 1393 497 1463 menti
531 1389 762 1459 saltem
792 1401 860 1454 et
892 1388 1230 1457 varietatis
1259 1389 1473 1477 gratia
1509 1390 1793 1457 orationi
1825 1389 1978 1457 suae
2000 1392 2280 1465 intexat.

426 1495 613 1565 Haec
672 1494 755 1559 de
808 1493 1099 1582 generali
1158 1493 1505 1580 Euripidis
1557 1494 1779 1560 indole
1819 1495 2139 1561 hactenus·
2178 1497 2281 1563 di·

282 1597 448 1669 xiffe
479 1596 775 1664 sufficiat.
877 1599 950 1665 N
957 1619 1089 1663 unc
1134 1598 1215 1664 ad
1247 1598 1480 1685 paullo
1524 1597 1896 1664 minutiora
1935 1597 2292 1665 descenda-

281 1724 471 1789 muS,
522 1701 996 1790 ‘summusque
1043 1701 1451 1789 particulam
1498 1700 1796 1790 aliquam
1839 1725 1926 1766 ex
1974 1702 2281 1790 operibus

279 1807 455 1891 eius,
518 1829 555 1872 e
601 1827 734 1895 qua
777 1804 822 1868 fi
856 1827 986 1870 non
1027 1804 1387 1893 ingenium,
1418 1803 1709 1870 nostrum
1729 1852 1749 1891 ‚
1812 1807 2042 1873 falum
2084 1805 2280 1874 indu·

279 1909 509 1979 thiam
545 1929 880 1976 acuamus.
930 1958 934 1965 .
982 1906 1155 1974 Dixi
1184 1908 1528 1998 equidem,
1565 1906 1614 1974 fi
1646 1908 1808 1975 bene
1835 1908 2150 1996 memini,
2207 1910 2279 1976 iu

279 2014 478 2083 initio
524 2012 729 2078 huius
770 2011 1233 2100 disputationis
1289 2032 1473 2077 meae
1488 2058 1509 2096 ,
1593 2034 1704 2077 me
1743 2012 2088 2079 Hecubam
2148 2013 2280 2079 hoe
2317 2015 2397 2078 18

280 2114 546 2185 confilio
623 2114 1024 2181 sumturum.
1169 2115 1248 2182 In
1313 2114 1592 2180 Hecuba
1658 2115 1873 2201 igitur
1954 2115 2278 2202 Polydori

288 2217 532 2287 umbra
563 2217 785 2305 primo
814 2228 1118 2307 apparet,
1196 2228 1258 2283 et
1304 2216 1664 2284 secundum
1689 2228 2095 2306 perpetuam
2135 2219 2275 2287 Eu·

279 2321 520 2411 ripidis
560 2319 1092 2390 consuetudinem
1130 2343 1206 2388 ea
1251 2332 1515 2408 narrat,
1582 2343 1751 2410 quae
1794 2322 2031 2389 melius
2047 2370 2068 2407 ‚
2133 2325 2280 2414 opi-

279 2450 444 2510 nor,
505 2447 593 2492 ex
641 2424 989 2491 artificiosa
1015 2448 1248 2492 rerum
1292 2437 1360 2491 et
1396 2425 1811 2513 dialogorum
1843 2427 1916 2492 in
1955 2427 2278 2497 dramatis

278 2528 556 2599 decursu
594 2529 1012 2618 dispositione
1052 2530 1469 2597 diruerentur.
1570 2531 1835 2597 Poterat
1864 2532 2045 2597 enim
2084 2533 2278 2600 fac-il-

272 2636 443 2705 lime
488 2631 790 2706 fabulam
823 2634 1076 2723 aperire
1117 2633 1256 2723 ipsa
1299 2632 1597 2700 Hecuba.
1694 2635 1958 2703 Poterat
2001 2660 2278 2704 narrare

279 2737 738 2829 portentosum
797 2749 864 2803 et
908 2736 1233 2823 terribile,
1309 2740 1489 2824 quod
1557 2739 1758 2804 modo
1805 2740 2057 2806 viderat
2072 2788 2093 2828 ‚
2173 2741 2275 2807 so-

282 2839 553 2909 mnium
570 2887 591 2925 ‚
637 2852 706 2906 et
747 2840 1095 2906 confilium
1135 2862 1224 2906 ex
1254 2840 1565 2908 Troianis
1592 2842 1984 2908 mulieribus
1999 2890 2019 2927 ‚
2070 2845 2276 2932 capti-

281 2944 501 3012 vitatis
552 2942 704 3011 suae
762 2941 948 3010 sociis
963 2991 985 3032 ,
1076 2942 1440 3032 exquirere.
1586 2945 1767 3028 Quid
1813 2945 2090 3034 pronius
2134 2958 2277 3016 erat

284 3071 493 3138 quam
555 3047 689 3116 hae,
740 3048 1071 3114 occasione
1101 3046 1345 3114 -omnia
1393 3046 1514 3113 ista
1554 3069 1723 3137 quae
1762 3047 1842 3113 de
1867 3047 1930 3114 se
1965 3057 2032 3113 et
2069 3049 2275 3141 Poly-

283 3151 555 3218 mestore
605 3152 977 3241 Polydorus
1034 3162 1297 3233 narrat,
1401 3150 1631 3216 omnia
1676 3149 1920 3218 scilieet
1972 3175 2136 3242 quae
2187 3155 2272 3221 ad

286 3255 732 3344 spectatorum
803 3254 1316 3340 intelligentiam
1360 3252 1764 3340 pertinerent
1777 3302 1799 3341 ‚
1885 3259 2218 3344 explicare
2232 3250 2271 3323 ἶ.)

289 3361 453 3429 Non
481 3359 789 3446 equidem
832 3356 1147 3443 diffiteor,
1209 3356 1431 3446 prima
1475 3358 1799 3448 Polydori
1838 3359 2040 3427 verba
2078 3362 2269 3451 plena

286 3462 409 3532 ess'e
437 3460 786 3528 maiestatis
827 3473 892 3528 et
933 3461 1273 3550 gravitatis
1301 3461 1614 3549 tragicae.

471 3556 664 3634 ’Ἠκω
706 3559 945 3655 νεκρῶν
979 3559 1359 3650 κευῆιωνα
1380 3568 1494 3630 καὶ
1543 3555 1783 3633 σκότου
1820 3555 2031 3645 πυλας

489 3658 728 3736 Λιπών
745 3715 767 3753 ,
822 3660 908 3736 ι’ν’
928 3663 1149 3748 Ἅιδης
1176 3670 1371 3757 χωρὶς
1413 3663 1693 3756 ᾤκισται
1741 3664 1960 3757 θεῶν,

436 3762 915 3860 Πολύδωρος,
971 3761 1242 3855 Ἑκάβης
1281 3771 1456 3846 παῦε.

284 3866 440 3936 Hos
494 3871 711 3940 versus
755 3872 1053 3965 respexit.
1097 3873 1420 3962 Tragieus
1465 3871 1807 3941 Romanus
1850 3872 2061 3943 neseio
2104 3875 2271 3964 quie,

291 3955 403 4037 Tol
403 3970 516 4039 san
546 3976 836 4061 Ennius,
894 4000 1091 4068 quem
1120 3978 1349 4046 cicero
1390 3977 1464 4042 in
1507 3977 1901 4044 Tusculanis
1951 3979 2272 4065 Disputa-

297 4074 587 4147 fionibus
616 4078 885 4149 citavit.
936 4073 1198 4167 Adsum
1236 4092 1435 4171 atque
1455 4080 1741 4148 advento
1782 4104 1866 4147 ex
1890 4080 2273 4149 Acherunte

299 4179 427 4247 via·
460 4205 583 4250 ma
615 4184 758 4254 alta
780 4198 980 4279 atque
1009 4186 1268 4269 ardua,
1316 4185 1448 4252 Per
1468 4177 1833 4300 spelunca?
1857 4177 2062 4277 smm
2082 4182 2272 4272 stm‘
