2952 5028
610 402 625 415 ·
722 366 861 432 182
1384 381 1475 427 ιΝ
1552 380 2116 429 εονιιοοιιε,

818 575 880 619 v.
918 570 954 614 2
967 548 1083 616 06.
1183 537 1493 632 ”Eaeaaya’
1537 544 1747 636 ἄχθη.
1785 556 1796 565 “
1839 544 2177 634 Ἔκπαγλα
2228 538 2434 630 πάθῑη
2492 551 2719 638 schol.

722 654 820 720 ed.
852 655 1050 719 Rom.
1210 652 1215 659 ’
2599 650 2602 653 ’

824 782 887 823 v.
926 777 1091 846 207.
1206 742 1373 830 Τοῦς
1400 788 1507 803 -·
1586 756 1736 831 Τοῖς
1779 755 1998 822 Reisk.
2027 779 2095 845 p.
2141 756 2246 822 13.

822 884 885 927 v.
923 882 959 926 2
980 884 1006 925 1
1030 884 1085 925 ι.
1199 849 1310 935 Οἷς
1345 849 1385 924 ὁ
1427 861 1625 944 μέγας
1673 850 1842 937 θεὸς
1892 849 2249 946 Ὀλύμπιος
2272 893 2380 911 --

720 954 891 1041 θεός
927 956 966 1031 ὁ
1000 966 1196 1049 μέγας
1228 974 1401 1028 recte
1443 961 1731 1030 Brunck.
1773 985 1859 1028 ex
1888 965 2051 1031 Ald.
2097 976 2177 1030 ut
2200 963 2416 1053 legiss'e
2456 965 2722 1033 videtur

717 1065 1120 1135 Scholiasta&
1223 1055 1393 1143 θεός
1423 1067 1621 1152 μέγας
1663 1067 1848 1132 said.
1892 1070 1989 1134 ed.
2020 1069 2196 1135 Med.
2242 1093 2305 1137 v.
2355 1061 2572 1149 ποινὴ.
2643 1081 2722 1135 ut

820 1299 883 1341 v.
925 1296 961 1340 2
981 1297 1006 1338 1
1026 1274 1103 1340 8..
1189 1263 1598 1352 Ἑπιπίπτεις
1636 1267 1839 1350 οὕτως
1887 1263 2150 1363 ἇεικῶςς
2201 1275 2377 1361 Lege
2409 1297 2497 1340 ex
2525 1272 2721 1341 ‘Aldo

722 1388 789 1443 et
831 1379 1038 1444 Suida
1095 1401 1156 1444 v.
1213 1367 1452 1463 ἀεικές,
1551 1368 1947 1463 Ἑμπίπτεις.
2078 1377 2452 1445 Brunckius
2495 1378 2722 1464 edidit,

719 1470 1097 1567 Ἐμπίπτεις
1134 1473 1331 1558 οὕτως
1373 1473 1603 1569 ᾰὶ·κῶς;
1660 1493 1737 1548 ut
1768 1481 1923 1548 Ald.
1957 1480 2046 1547 H.
2074 1483 2217 1548 ΜΒ.
2249 1481 2429 1570 Lips.

824 1610 932 1653 vv.
977 1586 1141 1651 998.
1185 1596 1297 1677 99.
1416 1585 1598 1652 citat
1636 1585 1874 1651 Suidas
1915 1610 1977 1655 v.
2007 1585 2251 1675 καιρία.
2315 1588 2544 1652 locum
2590 1607 2720 1651 om.
2825 1601 2836 1608 ·

708 1689 965 1759 Suidae
1002 1690 1148 1755 MS.

822 1818 887 1859 v.
928 1795 1092 1882 237.
1197 1782 1257 1858 α’
1288 1793 1543 1858 omittit
1569 1792 1814 1860 Suidae
1860 1794 2005 1859 MS.
2053 1817 2114 1860 v.
2140 1788 2289 1873 ἄτη

822 1921 883 1964 v.
920 1897 1087 1966 303.
1191 1889 1260 1964 ‘O
1339 1886 1535 1963 πάντ’
1600 1892 1868 1975 ἄναλκις
1897 1933 2004 1946 --
2093 1888 2131 1963 ὁ
2191 1889 2412 1962 πάντα
2472 1884 2729 1974 κλεινός

724 2001 904 2066 Suid.
951 2025 1012 2068 v.
1057 1992 1334 2067 ὑλακτεῖ.
1437 2001 1568 2067 Sed
1614 2013 1787 2067 reete
1831 2003 2187 2090 vulgatum
2228 1999 2389 2066 citat
2427 2001 2731 2068 Alexan-

724 2107 841 2171 der
870 2129 938 2195 Ρ.
980 2110 1150 2196 579.

824 2232 888 2274 v.
925 2209 1095 2300 307.
1200 2233 1320 2285 τας
1365 2230 1567 2286 ουσας
1604 2210 1676 2274 τέ
1709 2232 1842 2293 μου
1870 2211 2012 2277 Καὶ
2040 2196 2161 2284 τοὶς
2203 2196 2510 2285 ἀπούσας
2548 2203 2724 2272 ἐλπί-

725 2309 847 2388 δας
890 2312 1268 2403 διέφθορεν.
1338 2310 1726 2400 Legendum
1766 2336 1853 2377 ex
1885 2312 2200 2398 Magistro
2235 2337 2296 2377 v.
2341 2312 2729 2401 διέφθορεν,

729 2404 848 2490 τάς
899 2412 1101 2492 οὔσας
1147 2419 1218 2481 τέ
1265 2439 1423 2501 μοι,
1504 2429 1581 2482 ut
1618 2428 1791 2482 recte
1829 2416 1925 2481 ibi
1972 2426 2244 2482 monent
2279 2415 2623 2482 Stoeberus
2662 2426 2731 2480 et

731 2518 1261 2608 OudendorpiuS.

568 2642 694 2704 909
834 2646 894 2689 v.
930 2625 1096 2690 399.
1205 2612 1449 2711 πρᾶγμ’
1487 2611 1658 2708 οἷνῆρ
1679 2657 1787 2672 --
1834 2618 1966 2700 πᾶς
1993 2613 2159 2711 ἁνήρ
2198 2623 2383 2690 Suid.
2407 2647 2470 2690 v.
2507 2613 2730 2688 ὄκνῶν.

733 2725 839 2792 sed
869 2718 1112 2812 πρᾶγμ’
1143 2726 1437 2792 Eustath.
1485 2727 1568 2790 ad
1593 2726 1780 2793 Iliad.
1811 2730 1896 2794 K.
1939 2750 2010 2816 Ρ.
2050 2729 2218 2819 744,
2254 2729 2369 2794 94.
2416 2726 2570 2793 Bas..

834 2854 893 2895 v.
932 2832 1098 2922 347.
1165 2821 1342 2897 Ἐπεί
1374 2819 1450 2895 θ’
1481 2822 1632 2894 ἑλοῦ
1658 2855 1727 2913 γε
1776 2821 2108 2918 θάτερον,
2152 2825 2193 2910 ἢ
2218 2836 2481 2921 φρονεῖν
2509 2822 2735 2906 καλῶς.

733 2933 906 3020 Lege
939 2925 1179 3024 θάτερ’
1216 2959 1374 3001 cum
1407 2927 1707 2999 Heathio
1751 2957 1837 3001 ex
1872 2935 2257 3020 Scholiaste,
2331 2935 2522 3001 MSS.
2565 2934 2738 2999 duo-

732 3036 889 3123 bus,
936 3037 1221 3124 Aldina,
1267 3037 1737 3104 Turnebianae
1766 3041 2100 3126 margine,
2149 3050 2215 3105 et
2241 3039 2334 3104 H.

834 3165 895 3206 v.
930 3143 1099 3209 353.
1198 3133 1649 3230 ἐπαρκούντως
1686 3141 1759 3207 δέ
1799 3167 1922 3228 μοι
1944 3179 2051 3191 --
2099 3132 2558 3230 ἅπαρκούντως
2586 3141 2739 3226 ἐμοὶ

731 3243 982 3310 Thom.
1015 3246 1324 3334 Magister
1358 3271 1426 3315 v.
1448 3234 1747 3335 duaque?-
1867 3249 2044 3335 Lege
2074 3246 2280 3334 igitur
2307 3235 2365 3310 δ’
2398 3245 2566 3329 ἐμοὶ,
2596 3269 2736 3311 non

731 3347 804 3412 δέ
848 3374 989 3433 μοι.

835 3477 895 3520 v.
935 3455 974 3518 3
988 3453 1026 3518 8
1041 3452 1100 3518 4.
1206 3452 1386 3517 citat
1412 3452 1652 3519 Suidas
1694 3478 1755 3522 v.
1786 3443 2111 3540 ὑμνήσεις.
2230 3453 2609 3520 Eustathius
2648 3452 2739 3518 a'd

734 3555 920 3623 Iliad.
950 3562 1020 3624 Ζ.
1060 3580 1126 3646 Ρ.
1159 3555 1328 3625 634.

840 3684 899 3727 v.
940 3660 1105 3728 4οι.
1207 3651 1707 3749 τιμωρούμεναι.
1810 3651 2287 3749 τιμωρούμενοι
2331 3601 2491 3727 Ald.
2539 3671 2605 3723 et
2641 3659 2742 3727 ita

734 3788 822 3831 ex
852 3765 896 3830 3
936 3764 1124 3832 MSS.
1157 3765 1362 3830 edidit
1392 3765 1788 3846 BrunckiuS,
1816 3777 1896 3831 ut
1922 3765 2056 3853 ipse
2087 3765 2358 3831 testatui
2386 3765 2472 3830 ad
2501 3763 2742 3852 Emip.

738 3870 920 3938 Med.
953 3870 1118 3937 316.
1164 3870 1275 3936 Sic
1301 3880 1367 3934 et
1403 3890 1439 3933 2
1484 3871 1671 3936 MSS.
1703 3893 1742 3935 a
1774 3869 2100 3935 Iohnsono
2132 3867 2391 3951 collati,
2437 3868 2531 3933 H.

838 3995 899 4040 v.
938 3973 1102 4039 418.
1207 3970 1799 4039 Citat'Eustathius
1826 3974 1913 4039 ad
1944 3974 2132 4039 Iliad.
2162 3978 2231 4041 Z.
2266 3994 2329 4060 p.
2365 3972 2533 4038 693.

840 4101 901 4143 v.
941 4077 1108 4168 469.
1185 4065 1623 4142 ἐπισπεύδειν.
1702 4070 2092 4145 ἔπισπιύδει
2133 4076 2454 4144 stobaeus
2484 4074 2606 4142 IX.
2668 4098 2739 4163 p.

753 4202 781 4245 1
805 4201 831 4243 1
847 4198 913 4247 0.
1846 4195 1849 4198 ’
2015 4189 2023 4197 ’

2943 3555 2949 3640 4
