2952 5028
927 372 1018 419 IN
1099 372 1693 427 ATHENAEUM.
2219 377 2303 447 77

412 532 738 611 Ἐνταῦθα
784 528 912 630 γοῖρ
953 541 1438 610 ΔΗΜΗΤΡΑ
1476 544 1666 610 ΚΑΙ
1693 543 2281 614 ΔΗΜΗΤΡΙΟΝ

735 639 915 728 Ἅμα
964 635 1334 711 HAPHF'
1377 636 1415 708 ὁ
1459 637 1707 731 καιρός.

311 750 533 816 Simul
558 742 916 817 adduxit.“
983 748 1322 825 (Carmen
1355 749 1890 839 Ithypluzllicum‚
1927 773 2008 814 ex
2034 775 2160 838 quo
2188 752 2308 840 {sta

311 847 659 944 desumpta
701 846 914 936 sunt,
1002 851 1432 916 emendatum
1493 852 1680 917 dedit
1738 854 2166 945 Gaiqsbrclius
2218 856 2314 919 ad
2425 852 2435 871 ¹

308 958 666 1047 Heplzaest.
705 952 1018 1044 12266.)

410 1061 530 1128 VI.
573 1083 636 1148 Ρ.
679 1059 843 1124 254.
890 1055 962 1120 C.
1064 1057 1430 1129 Anaxilas:
1516 1058 1721 1145 vulgo
1758 1052 1993 1124 ”Evam
2047 1049 2312 1136 κόλακές

310 1185 439 1228 εισι
486 1155 612 1229 τῶν
656 1151 930 1247 ἐχόντων
971 1148 1193 1239 οὐσίας
1236 1151 1587 1241 Σκώληκες.
1688 1163 1867 1249 Lege
1925 1163 2003 1254 (Ιὶ
2046 1155 2311 1240 κόλακές

313 1261 440 1331 εἰσι
470 1298 578 1313 -—-
620 1288 705 1329 ex
739 1262 1091 1332 Eustathio
1119 1288 1188 1354 Ρ.
1224 1269 1397 1354 952,
1447 1248 1563 1332 51.

468 1367 588 1435 VI.
630 1392 698 1458 p.
735 1371 898 1459 257.
942 1367 1020 1432 Ε.
1085 1368 1541 1457 Antiphanes:
1605 1361 1899 1457 Καρποῦ
1942 1358 2118 1457 σύχν’
2170 1360 2311 1435 οἷόν
2439 1424 2443 1429 .

305 1494 479 1566 φασι
519 1496 641 1548 τας
683 1490 1076 1559 περιστερας
1121 1464 1424 1560 Τρώγειν.
1493 1471 1695 1560 vulgo
1724 1468 1959 1557 συχνοῦ
1992 1463 2049 1557 γ’
2064 1521 2083 1558 ,
2131 1464 2210 1538 ὅν
2234 1497 2306 1563 φ.

462 1575 578 1643 VI.
627 1599 691 1664 p.
729 1577 892 1643 258.
942 1575 1022 1641 Ε.
1146 1576 1267 1641 Ion
1311 1576 1668 1662 'lragicusz
1744 1577 1839 1642 L
1810 1598 1919 1663 ege
1957 1572 2143 1661 ἄγειν
2182 1599 2307 1665 pro
2379 1640 2382 1643 ,

305 1682 576 1849 hyaxvr'I.
640 1807 704 1872 p.
752 1805 788 1848 2
802 1783 918 1850 60.
974 1782 1046 1848 c.
1157 1774 1302 1875 ᾕρει
1349 1804 1474 1870 pro
1537 1773 1755 1874 ἡρεῖτο
1819 1782 2056 1850 valck.
2113 1782 2305 1849 orat.
2433 1860 2436 1863 ,

160 1930 169 1941 ·
304 1913 370 1979 Ρ.
419 1889 587 1954 261.

452 1992 573 2059 VI.
633 2014 701 2077 p.
739 1989 904 2055 261.
950 1989 1024 2055 F.
1156 1986 1632 2074 Aristophanes
1674 1998 1740 2059 et
1782 1989 2147 2078 Sannyrio:
2226 1990 2306 2055 In

228 2134 253 2157 “.
301 2092 652 2162 Athenaeo
684 2094 844 2157 haec
878 2094 1079 2178 vulgo
1110 2092 1462 2177 leguntur,
1525 2083 2003 2181 ψωμοκόλακος
2040 2092 2108 2156 δὲ
2150 2115 2309 2176 μνη-

302 2188 570 2282 μονεύει
612 2184 1000 2283 Ἀντιφάνης
1051 2194 1118 2257 ἐν
1176 2184 1514 2282 Γηρυτάδῃ
1566 2185 1798 2277 οὕτως,
1873 2187 2188 2284 Ψιθυρός
2236 2218 2306 2260 τε

304 2294 513 2364 καλοῦ
554 2301 666 2362 καὶ
708 2290 942 2375 Κόλαξ
981 2299 1093 2360 καὶ
1130 2295 1517 2383 Σαννυρίων.
1597 2297 1722 2360 ποῖ
1755 2286 2128 2387 φθείρεσθ’
2169 2296 2305 2363 ἐπί-
2336 2304 2416 2381 89

304 2424 571 2490 τριπτοι
615 2391 1096 2491 ψωμοκόλακες.
1199 2402 1384 2483 Quae
1412 2399 1637 2464 omnia
1673 2398 1845 2467 bona
1885 2401 2013 2483 fide,
2054 2399 2306 2467 Aristo-

192 2555 201 2566 .
301 2507 543 2596 phanis
582 2505 648 2571 fi·
635 2503 974 2593 ·agmentis
1015 2501 1288 2570 inseruit
1320 2502 1711 2570 Brunckius.
1814 2505 2075 2595 Scribe,
2136 2495 2305 2597 Ἀρι-

301 2602 632 2703 στοφάνης
665 2612 735 2675 ἐν
775 2600 1118 2702 Γηρυτάδῃ
1155 2601 1394 2684 οὕτως·

417 2705 733 2801 Ψιθυρός
777 2737 848 2778 τε
898 2706 1104 2778 καλοῦ
1154 2714 1266 2777 καὶ
1309 2702 1734 2804 ψωμοκόλαξ.

302 2822 416 2883 καὶ
457 2816 825 2905 Σαννυρίων
873 2805 1014 2881 Ἰοῖ·

413 2907 802 3009 Φθείρεσθ’
849 2916 1232 3009 ἐπίτριπτοι
1276 2908 1759 3010 ψωμοκόλακες.

306 3024 462 3094 Vid.
490 3025 723 3113 Eurip
752 3025 1019 3089 Heracl.
1054 3023 1222 3088 862.

459 3128 579 3195 VI.
621 3152 695 3239 Ρ.
731 3129 896 3194 262.
936 3127 1014 3192 Ε.
1114 3124 1490 3213 Epicrates:
1543 3121 1673 3191 Ed.
1723 3111 2000 3209 Casaub.
2041 3124 2303 3193 exhibet

300 3226 378 3308 ὃς
416 3231 483 3296 δὲ
524 3255 687 3317 χοα
714 3229 854 3310 πίη.
958 3227 1218 3296 Aldina
1261 3251 1419 3294 veto
1467 3250 1505 3293 ο
1560 3227 1628 3291 δὲ
1658 3224 1933 3313 χοαπίη.
1994 3231 2184 3318 quod
2192 3232 2300 3323 sic

304 3351 597 3441 explicat
613 3339 1012 3434 Porjlbnus‘
975 3372 1012 3413 ο
1043 3347 1111 3412 δὲ
1129 3348 1288 3433 χολ
1288 3351 1486 3413 ποιεῖ.
1538 3346 1582 3411 i.
1610 3369 1662 3413 e.
1689 3338 1910 3433 χολην.
1969 3353 2145 3415 πιεῖν
2177 3376 2301 3439 Ρ1·ο

301 3457 523 3521 ποιεῖν
570 3453 692 3518 inf.
730 3453 878 3518 XII.
926 3456 1093 3540 517.
1135 3452 1221 3516 A.
1323 3451 1472 3517 MS.
1527 3449 1689 3538 Reg.
1745 3451 1849 3517 16.
1908 3450 1980 3515 C.
2027 3452 2299 3523 XXIV.

301 3580 505 3648 quem
552 3559 752 3623 credo
805 3556 920 3624 hic
976 3553 1154 3621 nihil
1207 3551 1442 3619 distare
1505 3578 1544 3618 a
1590 3555 1734 3620 MS.
1787 3554 2071 3642 Veneto,
2154 3550 2193 3625 ὁ
2230 3560 2301 3625 δὲ

292 3654 541 3750 χοάαιν
570 3663 767 3727 ποιεῖ’.
867 3661 1042 3747 Lege
1066 3658 1307 3745 igitur,
1355 3682 1392 3725 ο
1437 3657 1506 3722 δὲ
1538 3653 1732 3744 χολᾶι
1733 3678 1773 3723 ν
1834 3662 2034 3725 ποιεῖ’.

455 3768 814 3855 Integrum
831 3763 1181 3856 Epicratis
1204 3762 1422 3828 Iocum
1451 3764 1553 3827 ita
1587 3754 1889 3854 ᾱᾳῘονιΗΓ
1888 3774 1917 3827 t
1933 3754 2300 3852 Personas:

1370 3901 1480 3918 --
1511 3890 1578 3931 τι
1616 3889 1743 3956 γαρ

383 3968 705 4058 3Ἐχθιον,
761 3965 839 4054 ἢ
851 3970 1041 4054 ΠΑΙ
1080 3972 1269 4037 ΠΑΙ
1306 3970 1669 4035 καλεῖσθαι
1713 3992 1899 4059 παρα
1947 3958 2192 4051 πότονς,

405 4079 551 4143 Καὶ
589 4067 771 4142 ταῦτ’
817 4066 1082 4166 ἆγενείῳ
1124 4071 1557 4163 μειρακυλλίῳ
1599 4077 1728 4138 τινὶ
1743 4122 1762 4157 ,

387 4172 499 4248 ²⁸11
531 4169 649 4259 τήν
684 4170 905 4265 »α’μίδα
941 4181 1194 4272 φέρειν,
1243 4169 1408 4267 ὁρᾷν
1450 4199 1524 4242 τε
1566 4174 1831 4259 κείμενα
