2952 5028
661 363 755 435 14
1357 380 1930 429 PRAEI·EOT10

651 576 1037 647 quanquam
1066 550 1139 616 in
1167 568 1358 638 opere
1385 546 1663 635 diverso,
1711 552 2111 619 Menander-z
2158 551 2282 643 qui
2306 554 2411 621 vel
2445 574 2640 638 unus,

653 683 803 727 meo
856 656 1127 747 quidem
1168 652 1448 732 iudicio,
1525 654 1874 741 diligenter
1915 658 2119 722 lectus
2135 702 2156 742 ,
2242 657 2327 723 ad
2375 668 2640 740 cuncta,

650 785 822 855 quae
879 757 1354 855 praecipimus,
1436 755 1769 824 efficienda
1819 758 2144 842 sufficiat3‘
2213 759 2311 827 ita
2369 782 2639 827 omnem

650 867 828 934 vitae
854 862 1215 949 imaginem
1244 861 1577 949 expressit3
1627 861 1725 929 ita
1764 861 1853 927 est
1892 863 2204 929 omuibus
2225 863 2451 949 rebus,
2491 886 2643 953 per-

648 968 856 1052 sonis,
905 964 1244 1034 affectibus
1275 960 1880 1031 ατιοοιιιιιιοάιιἱιιει.ιι
1980 967 2183 1033 Hane
2226 966 2497 1056 quidem
2524 969 2643 1034 ad-

650 1068 1030 1139 mirabilem
1071 1068 1414 1158 Euripidis
1467 1070 1540 1134 in
1597 1068 1875 1135 diceudo
1919 1070 2279 1156 virtutem,
2321 1142 2326 1147 ,
2366 1073 2533 1137 dum
2569 1071 2642 1137 vi

649 1175 945 1247 veritatis
1000 1184 1262 1239 coactus
1315 1171 1564 1238 fatetui
1576 1217 1598 1257 ‚
1686 1173 1922 1247 callide
1973 1185 2197 1239 tamen
2249 1185 2314 1243 et
2350 1175 2643 1261 maligne

649 1281 898 1347 elevare
939 1289 1219 1342 conatur
1260 1275 1766 1365 Aristophanes,
1837 1297 1994 1343 eum
2033 1279 2337 1345 vocando
2373 1290 2646 1366 poetam

650 1381 1224 1451 oratiuncularum
1270 1381 1376 1446 for
1376 1382 1648 1464 entium,
1694 1369 1973 1461 ποιητήν
2014 1371 2344 1469 &pavlvm
2385 1381 2645 1446 δικανι-

649 1479 792 1553 κῶν.
832 1485 1024 1565 (Pac.
1057 1483 1254 1562 534.)
1354 1483 1480 1550 Sed
1525 1482 1893 1549 calumnias
1934 1483 2081 1549 noti
2125 1494 2192 1548 et
2219 1483 2533 1572 profeffi
2510 1484 2641 1555 mi·

649 1587 815 1653 miei
845 1597 993 1652 tuto
1042 1587 1431 1676 spernimus.
1533 1586 1686 1654 Fuit
1742 1585 2213 1675 Aristophanes
2243 1587 2355 1659 vir,
2386 1588 2641 1672 doetus,

648 1692 855 1757 homo
907 1689 1191 1773 facetus,
1277 1700 1472 1776 poeta
1497 1686 1588 1755 -in
1631 1689 1870 1778 primis
1914 1689 2162 1778 bonus3
2242 1701 2309 1756 et
2359 1701 2641 1779 propter

650 1793 1075 1884 puriffimum
1119 1792 1337 1865 Attici
1372 1792 1690 1869 sermonis
1732 1792 2035 1881 saporem
2079 1793 2204 1883 ipfi
2235 1793 2442 1861 etiam
2488 1795 2640 1860 Pla-

655 1897 798 1971 toni
838 1894 1511 1969 commendatiffimus
1526 1916 1560 1982 3·
1607 1894 1714 1985 sed
1749 1896 1930 1967 idem
1963 1897 2098 1965 fuit
2123 1897 2466 1967 ‘liberrimi
2506 1897 2642 1964 oris

654 2000 914 2086 scurra,
982 2011 1072 2073 *et
1117 1997 1277 2066 viris
1319 1996 1381 2065 se
1426 2000 1622 2086 longe
1676 1998 2041 2067 maioribus
2092 2000 2380 2099 indignis
2423 2001 2640 2067 modis

536 2104 612 2164 15
652 2103 890 2170 insulta
900 2102 1011 2170 vit.
1125 2100 1562 2191 Philosophus
1611 2113 1677 2168 et
1721 2117 1941 2193 poetas
1979 2104 2165 2172 omni
2200 2127 2433 2191 genere
2484 2127 2641 2173 eon-

651 2206 987 2279 viciorum
1008 2213 1092 2267 ,et
1136 2206 1701 2273 contumeliarum
1756 2208 2060 2295 vexavit3
2131 2209 2509 2283 ⁴dummodo
2546 2204 2643 2291 ri-

646 2309 795 2379 sum
846 2306 1318 2397 spectatoribus
1361 2320 1734 2393 excuteret,
1782 2311 2036 2379 nemini
2078 2313 2419 2399 parcebat3
2468 2312 2645 2383 nihil

644 2413 994 2503 privatum
1025 2431 1234 2499 neque
1273 2410 1658 2498 publicum,
1712 2410 2012 2479 sanctum
2044 2435 2253 2501 neque
2277 2414 2646 2501 profanum

647 2518 946 2588 curabat.
1046 2514 1271 2582 Huius
1318 2513 1742 2603 iniquitatem
1780 2538 1935 2603 erga
1969 2517 2368 2605 Euripidem
2404 2519 2642 2585 Socra·-

570 2663 577 2670 ·
645 2622 731 2688 tis
773 2617 1071 2687 amicitia
1089 2663 1110 2701 ‚
1192 2618 1486 2683 Platonis
1527 2618 1967 2686 admiratione
2007 2620 2267 2698 abunde
2322 2645 2475 2688 eom
2482 2644 2638 2710 pen-

642 2724 947 2801 sabimus.
1062 2720 1362 2808 Denique
1406 2723 1626 2792 omnis
1666 2722 2030 2810 posteritas,
2116 2746 2345 2790 omnes
2396 2737 2640 2813 gentes,

647 2829 737 2898 ad
760 2833 923 2920 qua‘s
950 2824 1217 2915 quidem
1248 2825 1480 2891 literae
1517 2826 1946 2896 humaniores
1973 2829 2390 2915 pervenerint
2407 2876 2427 2912 ‚
2465 2831 2645 2896 Tra-⁶

646 2933 878 3022 gieum
908 2929 1201 2996 nostrum
1250 2930 1537 2996 maximi
1581 2931 1830 3019 semper
1869 2931 2109 3017 fecere,
2170 2944 2238 2998 et
2263 2930 2526 2999 summo
2563 2934 2639 3001 iu

646 3060 733 3126 pr
734 3037 869 3104 etio
915 3032 1313 3102 habuerunt.
1446 3033 1659 3101 Testes
1704 3034 1853 3100 sunt
1898 3033 2149 3123 captivi
2189 3036 2635 3124 Athenienses,

645 3160 808 3230 quos
822 3184 843 3222 ‚
919 3139 1089 3202 dum
1144 3135 1479 3202 servitutis
1534 3137 1829 3206 miserias
1886 3138 2232 3210 cantandis
2288 3141 2639 3229 Euripidis

645 3239 931 3309 versibus
970 3227 1376 3324 allevabzint,
1421 3242 1751 3312 audientes
1790 3241 2048 3309 domini
2078 3243 2387 3324 liberatos
2408 3245 2655 3322 ·⁴dimi-,

645 3343 884 3410 serunt.
1013 3340 1228 3407 Testes
1280 3342 1436 3414 sunt
1490 3346 1908 3435 philosophi,
1994 3348 2109 3436 qui
2158 3347 2475 3437 Euripidi
2515 3349 2636 3418 vix

646 3449 873 3516 minus
927 3445 1337 3511 auctoritatis
1379 3447 1492 3518 ad,
1527 3449 1868 3537 opiniones
1925 3449 2072 3517 suas
2126 3451 2637 3540 confirmandas,

646 3572 850 3640 quam
876 3550 1175 3618 Homero
1217 3549 1339 3638 ipfi
1375 3548 1776 3621 timibuerunt
1867 3554 1957 3619 Et
2000 3555 2047 3619 fi
2086 3555 2475 3622 criticorum
2504 3556 2639 3622 suf-

643 3652 860 3740 fragia
900 3653 1307 3737 deficiemus,
1361 3654 1497 3719 duo
1534 3653 1782 3724 summi
1821 3656 2036 3723 critici
2054 3704 2073 3742 ‚
2121 3657 2453 3747 iidemque
2478 3655 2635 3748 phi-

642 3755 940 3846 Iosophi,
987 3756 1408 3824 Aristotelem
1449 3769 1646 3846 atque
1685 3761 2072 3846 Longinum
2114 3760 2449 3849 intellig03
2486 3762 2635 3829 cri·

646 3860 765 3932 tici
780 3906 800 3945 ‚
875 3879 1164 3947 quorum
1207 3882 1294 3925 ex
1337 3860 1610 3928 alterius
1657 3863 1884 3932 utrius
1933 3864 2246 3952 suffragio
2287 3865 2439 3931 satis
2488 3867 2638 3933 ma-

646 3987 859 4052 gnum
902 3962 1112 4029 cuivis
1151 3960 1502 4030 sententiae
1540 3967 1799 4054 pondus
1828 3969 2156 4034 accederet
2172 4017 2194 4055 ‚
2254 3977 2531 4057 uterque
2560 3972 2639 4040 in

647 4067 972 4159 Euripide
1012 4060 1289 4131 summis
1322 4062 1633 4135 laudibus
1668 4069 1934 4138 ferendo
1976 4071 2358 4139 amiciffime
2402 4074 2639 4142 eoniu-

649 4183 821 4239 rant.
957 4168 1081 4241 Sed
1134 4188 1221 4236 ex
1285 4169 1596 4237 omnibus
1665 4171 2217 4264 philosophorum
2272 4176 2637 4269 disciplinis
