2952 5028
745 458 1267 508 PRAEFATIO
1339 455 1830 507 Enl‘ronvn.
2246 463 2325 510 Π

223 645 558 736 ceptae,
653 642 747 702 ut
827 610 1155 704 Porsoni
1237 630 1732 702 auctoritate*
1799 620 2325 726 firmarentur,

220 766 484 848 nobis
558 761 914 842 edendas
990 760 1147 842 effe
1217 746 1771 841 iudicavimus,
1910 761 2141 841 Idem
2209 764 2326 845 di·-

228 924 473 985 ctum
529 919 731 1011 puta
805 900 905 979 de
959 898 1444 1008 quibusdam
1504 905 1747 976 etiam
1804 900 2326 1006 Tragicorum

227 1046 482 1139 locis»,
563 1039 663 1119 ab
729 1040 899 1119 aliis
950 1041 1296 1134 CriticiS,
1386 1036 1633 1143 prout
1702 1032 2091 1117 Porsonus
2162 1068 2329 1119 cor-

226 1197 557 1262 rexerat
586 1238 609 1276 ,
710 1175 984 1283 postea
1078 1177 1431 1282 vulgatis.
1591 1176 1806 1255 Cum
1899 1181 2329 1259 nonnullas

228 1312 910 1400 emendationum
1001 1322 1088 1394 in
1165 1314 1678 1407 Athenaeum
1755 1310 1919 1420 ipse
2003 1320 2090 1393 in
2166 1322 2330 1425 Ap-

230 1456 590 1567 pendice
654 1453 758 1532 ad
813 1456 1235 1561 Toupium
1298 1468 1382 1531 et
1439 1459 1526 1529 in
1584 1457 1796 1529 notis
1854 1451 1956 1529 ad
2009 1455 2330 1563 Euripi·-

237 1597 441 1675 dem
508 1591 811 1702 publici
888 1598 1075 1670 iuris
1156 1586 1496 1686 fecisset,
1588 1587 1826 1668 nobis
1900 1586 2147 1676 visum
2222 1592 2330 1676 est

231 1732 529 1830 verba,
602 1727 895 1837 quibus
958 1727 1070 1807 ibi
1141 1725 1323 1807 usus
1381 1743 1584 1824 erat,
1654 1734 1950 1806 iterum
2019 1730 2333 1811 lectori-

234 1872 399 1952 bus
456 1894 887 1976 apponere.
1052 1850 1058 1857 ’

474 2009 689 2086 Cum
763 2010 1116 2083 maxime
1196 2000 1653 2109 optandum
1725 2002 2154 2105 videretur,
2238 2014 2331 2089 ut

237 2147 555 2236 omnia,
633 2168 845 2248 quae
908 2148 994 2219 in
1050 2139 1562 2219 Athenaeum
1617 2137 2016 2245 scripserat
2065 2143 2335 2225 Porso-

234 2305 450 2375 nus,
534 2297 931 2384 quatenus
994 2274 1077 2354 id
1146 2271 1315 2353 fieri
1379 2284 1689 2381 potuit,
1755 2278 2330 2386 colligerentur,

233 2418 414 2496 huc
476 2416 771 2494 relatae
852 2412 1322 2493 sunt‘duae
1388 2411 1874 2522 praestantes
1954 2420 2335 2501 emenda-

234 2564 571 2636 tionum
635 2551 906 2651 series,
982 2562 1073 2650 in
1145 2552 1352 2634 binis
1410 2551 1999 2661 exemplaribus
2054 2554 2336 2636 editio-

236 2721 452 2775 num
494 2690 946 2772 Casauboni
997 2718 1252 2798 penes
1306 2690 1547 2771 Viros
1611 2686 2134 2793 doctiffimoS,
2200 2698 2337 2778 Ri-

242 2830 587 2911 cardum
654 2828 928 2908 Heber
1015 2847 1099 2907 et
1169 2832 1617 2907 Henricum
1701 2832 1999 2934 Drury,
2094 2829 2336 2937 ipsius

238 2998 506 3050 manu
553 2985 941 3046 exaratae.
1058 2969 1291 3075 Quae
1356 2974 1619 3073 priore
1675 2967 1876 3044 libro
1919 2975 2339 3047 continen-

240 3125 423 3203 tur,
474 3113 748 3185 omnia
794 3101 1181 3211 exscripsit
1232 3123 1315 3183 et
1366 3104 1470 3182 ad
1511 3133 1662 3184 nos
1715 3102 2142 3185 transmisit
2169 3107 2335 3224 Vir,

212 3264 435 3336 ‘tum
484 3243 955 3323 eruditionis
1010 3241 1412 3340 ubertate,
1488 3259 1665 3321 tum
1738 3249 2090 3324 amicitia
2153 3246 2341 3325 Por-

251 3382 762 3488 sonionotuS,
834 3385 913 3459 .I.
971 3381 1062 3460 C.
1107 3377 1395 3457 Bank3.
1514 3381 1881 3462 Alterum
1940 3387 2341 3490 exemplar

251 3514 816 3601 humanisfime
901 3516 1135 3598 nobis
1205 3516 1853 3598 accommodavit
1939 3517 2336 3625 possessor.

254 3660 491 3765 Quae
550 3675 822 3735 autem
875 3684 970 3733 ex
1036 3656 1156 3736 his
1205 3654 1418 3734 libris
1474 3654 1884 3753 dedimus,
1949 3657 2191 3738 literis
2239 3662 2339 3739 R.

252 3795 370 3875 H.
424 3812 508 3873 et
563 3794 674 3872 H
727 3798 837 3871 D.
896 3789 1426 3900 defignantur.

483 3933 753 4011 Unam
800 3930 1198 4013 Athenaei
1245 3939 1669 4039 paginam,
1722 3927 2011 4010 scilicet
2064 3939 2245 4036 339.
2294 3959 2342 4009 a

255 4066 574 4150 summo
633 4064 942 4153 Critico
993 4076 1433 4177 integritati
1501 4066 1997 4163 restitutam,
2074 4066 2342 4146 nobis-

260 4235 446 4287 cam
492 4213 1120 4290 communicavit
1175 4208 1358 4306 Vir,
1438 4205 1702 4288 doctis
1764 4200 2142 4283 omnibus
2201 4201 2343 4286 bo-

2387 3653 2398 3702 l

2391 3707 2403 3852 ‚l
