2952 5028
718 347 814 460 26
1387 389 2015 442 PRAELECTIO

1023 559 1217 638 Μηδὲ
1257 580 1363 623 tw
1427 553 1628 626 εἰπεῖν
1669 582 1856 648 παρα
1910 553 2360 678 Περσεφόνη,

1022 655 1291 734 Στάντα
1335 651 1716 752 φθιμένων,
1781 685 1868 740 ως
1909 654 2264 753 ,ἀχάριστοι

832 820 841 826 .
1025 767 1271 834 Δαναοὶ
1310 767 1620 851 Δαναοῖς,
1674 766 1810 843 τοῖς
1855 761 2215 854 οἶχομὲνοις

606 895 688 942 :u
1256 858 1445 959 ,Ὑπὲρ
1488 860 1829 954 Ἑλληνων,

1149 969 1388 1058 Τροίας
1427 971 1667 1037 πεδίων
1709 962 2069 1056 ἀπέβησαν.

723 1078 812 1145 Et
857 1074 1141 1142 Hecuba
1191 1096 1351 1139 cum
1403 1075 1849 1163 Polymestore
1902 1077 2280 1163 colloquens
2322 1078 2488 1144 haee
2528 1079 2736 1147 verba.

727 1180 965 1255 habet:
1018 1179 1114 1267 (ν.
1158 1199 1186 1241 1
1201 1169 1401 1266 005)

1506 1282 1616 1345 καὶ
1662 1268 1789 1369 γάρ
1835 1267 2111 1369 Ἀργεῖοι
2166 1274 2326 1347 νεῶν

828 1377 936 1457 A*
937 1403 1058 1450 σαι
1099 1375 1445 1453 ποθοῦσιν
1487 1373 1693 1450 οἴκαδ’
1736 1384 1803 1449 ἐκ
1854 1382 2090 1502 Τροίας
2136 1376 2337 1450 πόδα.

712 1488 974 1557 Nolim
1004 1499 1230 1577 autem
1272 1485 1456 1565 hunc
1497 1489 1753 1552 nodum
1800 1487 1896 1551 ita
1941 1487 2296 1576 quisquam
2338 1489 2608 1556 solvere
2626 1514 2738 1556 co·

691 1603 941 1671 netur·
944 1638 966 1678 ,
1013 1602 1094 1658 ut
1129 1591 1309 1659 dicat
1339 1592 1817 1679 cenotaphium
1859 1590 2123 1658 Achilli
2167 1591 2240 1655 in
2284 1593 2479 1658 litore
2509 1593 2737 1659 Thra-

737 1697 841 1761 cio
879 1687 1005 1771 effe
1033 1692 1480 1762 constructum
1497 1741 1520 1812 ’.
1569 1695 1654 1761 ad
1693 1696 1871 1783 quod
1917 1696 2322 1763 trucidatam
2363 1695 2488 1762 effe
2530 1699 2737 1785 Poly-
2839 1698 2842 1701 ’

735 1794 1006 1866 xenam.
1107 1798 1374 1865 Mirum
1416 1799 1599 1863 enim
1640 1796 1821 1883 estet,
1888 1798 1935 1863 fi
1973 1799 2263 1865 Achillis
2308 1800 2545 1866 umbra
2591 1813 2737 1865 tan

514 1932 521 1939 ·
604 1959 629 1971 r
736 1902 965 1990 tiaper¹
993 1899 1373 1989 quiesceret,
1469 1901 1637 1967 dum
1700 1900 1944 1967 Graeci
1995 1925 2036 1967 a
2079 1903 2617 1971 Troianu‘alitore
2654 1904 2738 1969 ad

739 2005 1118 2083 Thracium
1144 2005 1567 2092 navigarent3
1619 2004 1965 2093 postquam
1992 2028 2147 2074 vero
2176 2007 2316 2072 iam
2343 2009 2417 2072 in
2442 2008 2738 2074 Thracia

734 2107 1016 2229 ‘expoliti
1057 2106 1287 2199 essent,
1328 2119 1490 2173 tum
1531 2109 1806 2173 demum
1841 2108 2036 2175 irasci
2082 2111 2439 2199 inciperet,
2485 2123 2551 2177 et
2593 2112 2739 2177 san-

740 2214 941 2301 guine
1010 2211 1310 2297 virgineo
1379 2210 1627 2299 placari
1682 2234 1771 2300 po
1780 2211 2053 2279 stularet.
2198 2214 2343 2302 Ipsa
2405 2238 2488 2304 pr
2490 2226 2740 2281 aetelea

743 2318 1090 2429 Polyxena
1121 2313 1285 2379 dicit
1320 2312 1382 2379 se
1422 2316 1687 2401 tantula
1719 2317 1887 2382 lucis
1927 2316 2125 2382 usura
2172 2319 2347 2403 frui,
2405 2331 2740 2406 quantum

743 2410 1062 2505 temporis
1104 2416 1448 2482 intercedit
1486 2418 1662 2484 inter
1701 2420 2007 2506 gladium
2046 2431 2112 2484 et
2144 2420 2430 2490 Achillis
2461 2442 2742 2512 pyram.

658 2516 838 2613 (ν.
872 2522 912 2585 4
925 2511 1072 2609 35)
1374 2587 1381 2594 ,
1709 2583 1716 2594 2

839 2612 924 2692 Ὠ
971 2615 1141 2715 φῶς·
1195 2628 1581 2712 προσειπεῖν
1621 2646 1749 2714 γαρ
1794 2613 1914 2691 σον
1965 2616 2147 2692 ονοιι’
2196 2624 2399 2706 ἔξεστί
2436 2646 2593 2715 μοι·

857 2727 1150 2796 Μέτεστι
1200 2717 1260 2791 δ’
1307 2718 1526 2812 οὐδὲν,
1574 2718 1749 2807 πλήν
1785 2722 1951 2794 σ’σον
1987 2721 2227 2817 χρόνον
2278 2727 2504 2822 ξίφους

857 2828 1081 2900 Βαίνω
1125 2821 1370 2915 μεταξὺ
1424 2833 1537 2900 καὶ
1590 2824 1802 2918 πυρᾶς
1837 2822 2185 2917 Αχιλλέως.

754 2934 875 3000 Sin
922 2934 1268 3024 Euripides
1317 2932 1632 3000 scenam
1609 2957 1685 3000 m
1723 2934 2020 3000 Troiano
2063 2935 2255 3002 litore
2296 2934 2587 3001 finxiffet
2600 2985 2621 3023 ‚
2680 2953 2747 3010 et

755 3037 985 3103 omiffo
1036 3037 1463 3127 Polymestor
1443 3059 1497 3100 ιε
1536 3037 1827 3125 episodio
1843 3086 1864 3124 ‚
1944 3039 2267 3127 Polydori
2325 3042 2603 3108 cadaver
2649 3041 2782 3136 ibi‘

726 3126 1044 3205 'eiectum
1084 3164 1125 3205 a
1177 3140 1489 3236 fluctibus
1531 3140 1912 3229 appuliss'et,
1981 3143 2285 3210 fabulam
2323 3145 2602 3233 denique
2639 3145 2747 3210 fu·

759 3265 914 3309 nere
951 3244 1270 3332 Polydori
1313 3255 1380 3310 et
1419 3245 1615 3311 luctu
1660 3244 1970 3312 Hecubae
2009 3246 2276 3335 finiss'et,
2337 3248 2540 3316 nihil
2565 3249 2626 3315 ei
2662 3251 2747 3316 ad

761 3346 1263 3413 accuratiffimas
1298 3348 1672 3434 tragoediae
1718 3349 2089 3416 scribendae
2138 3353 2397 3440 regulas
2435 3353 2750 3423 defuisset

761 3449 890 3515 Sed
933 3451 1099 3517 dum
1136 3453 1359 3541 plures
1400 3474 1503 3517 res
1544 3474 1683 3517 uno
1720 3456 2077 3543 eodemque
2127 3469 2524 3543 argumento
2567 3480 2746 3522 com-

748 3553 1185 3643 prehendere
1204 3553 1493 3620 annixus
1534 3554 1654 3642 est,
1733 3569 1961 3623 contra
2003 3556 2644 3625 verisimilitudinem
2681 3570 2747 3624 et

762 3657 1275 3745 proprietatem
1297 3656 1611 3746 peccavit.
1746 3660 1946 3727 Ηοο
1937 3671 2184 3745 tamen
2238 3660 2485 3729 vitium
2536 3662 2746 3747 magis

766 3760 1167 3847 cogitatione
1195 3784 1398 3853 quam
1441 3760 1624 3828 sensu
1661 3764 2089 3852 percipimus.
2206 3765 2530 3846 Quamvis
2573 3766 2747 3831 ratio

766 3887 1138 3954 repugnare
1170 3868 1494 3950 videatur,
1540 3867 1808 3933 affectus
1843 3867 2044 3934 nostri
2074 3861 2296 3933 faciles
2325 3866 2388 3934 se
2412 3869 2748 3957 praebent,

769 3979 834 4034 et
865 3980 1008 4033 tam
1045 3970 1287 4037 blanda
1328 3970 1620 4058 quadam
1653 3982 2022 4058 tanguntur
2058 3970 2436 4057 dulcedine,
2482 3985 2559 4039 ut
2596 3997 2749 4063 poe-

668 4107 672 4111 ·
771 4082 913 4162 tam
943 4094 1079 4140 non
1119 4073 1353 4159 inviti,
1402 4076 1791 4163 quocunque
1824 4074 1957 4161 agit
1975 4120 1996 4160 ‚
2041 4072 2420 4161 sequantur.

660 4201 745 4245 22
917 4176 1260 4246 Hactenus
1288 4178 1369 4243 de
1396 4177 1683 4262 generali
1723 4177 2039 4244 Hecubae
2072 4180 2495 4270 oeconomia3
2568 4205 2748 4248 nunc

760 4277 1050 4366 quinam
1077 4280 1203 4350 fint
1245 4278 1298 4348 ii
1310 4327 1335 4371 ,
1374 4280 1509 4372 squi
1540 4280 1930 4379 praecipuas
1977 4292 2194 4378 partes
2227 4296 2473 4380 agunt,
2528 4284 2748 4356 videa·
