2952 5028
614 392 1384 459 ons‘fissvsrlonns
1445 393 1961 444 mscELLAn.
2128 377 2276 468 329

291 553 918 628 διακονούντων
961 556 1234 646 μᾶλλον.
1334 561 1701 630 Praeceffit:
1741 554 1926 652 κᾷκεῖ
1961 567 2080 648 μὲν
2119 566 2279 632 πολ-

287 659 415 730 λῶν
455 663 560 733 δεῖ
592 659 718 730 τῶν
761 657 1294 745 διακονησάντων.

440 769 514 832 Ρ.
555 770 717 857 703.
756 789 869 858 29.
910 771 1022 832 καὶ
1065 788 1529 856 προςεμπεσων
1576 762 1663 845 εἰς
1704 770 1938 853 μέσους
1990 760 2277 848 ὁπλιτας.

287 866 731 958 801.πρῶτος
766 863 1078 956 ἐμπεσών.

440 974 511 1040 Ρ.
553 996 586 1062 7
604 995 636 1061 7
652 975 715 1040 6.
755 994 871 1041 20.
909 977 981 1040 ἐν
1027 967 1325 1053 ἡδίσταις
1374 963 1492 1041 οὖν
1523 962 1717 1052 οὗτος
1761 964 2072 1062 ὑπάρχων
2107 972 2283 1040 ε’λπὶ-

285 1097 396 1142 σιν
413 1123 434 1160 ‚
487 1067 537 1141 ὦ
557 1079 636 1142 σὶ
681 1076 764 1143 δὲ
813 1101 1058 1166 πικραν
1095 1074 1367 1159 ἤκουσεν
1412 1067 1719 1163 ἆγγελίαν
1746 1125 1763 1142 .
1797 1126 1814 1143 .
1843 1126 1860 1142 .
1910 1078 2010 1144 Ut
2050 1078 2281 1145 verbo-

283 1202 443 1246 rum
471 1179 863 1247 constructio
903 1180 1178 1268 constet,
1221 1185 1389 1269 lege:
1448 1172 1547 1257 ὦς
1594 1177 1693 1261 ἥδ
1700 1206 1745 1261 η
1794 1204 1973 1270 πικρ.

431 1283 504 1349 P.
541 1285 629 1373 78
648 1308 707 1351 1.
747 1290 810 1352 8.
853 1274 1028 1350 ἄλλα
1078 1278 1439 1353 κινδυνεύει
1487 1305 1611 1350 σου
1675 1276 1754 1352 τό
1804 1286 2024 1353 αἴτιον
2066 1277 2280 1350 αἰτιᾶ-

282 1386 482 1451 σθαι.
581 1389 718 1454 Ser.
748 1379 1138 1466 κινδυνεύεις
1175 1379 1273 1454 οὗ.
1378 1389 1589 1452 Paulo
1630 1388 1771 1476 post
1799 1389 1917 1455 lin.
1956 1390 2119 1480 781.
2172 1411 2193 1453 1
2215 1391 2279 1455 5.

286 1480 535 1578 ὁρῶμεν
571 1483 799 1576 ἆμέλει
834 1494 1086 1568 πένθος
1132 1497 1249 1574 μὲν
1311 1486 1597 1577 ἐραστῶν
1650 1491 1962 1577 βραχεῖ
2016 1484 2281 1580 τούτῳ

281 1587 487 1683 καιρῷ
545 1586 1034 1679 δαπανώμενον.
1146 1596 1286 1660 Ser.
1329 1583 1719 1682 βραχυτάτῳ
1768 1589 1991 1687 καιρῷ.
2024 1631 2129 1644 --
2203 1595 2277 1661 Ρ.

291 1697 453 1787 793.
489 1719 554 1785 9.
596 1690 793 1763 πόλιν
838 1689 1210 1780 αὐτόνομον
1257 1689 1648 1787 ἐφορμῶσαν
1702 1701 1838 1773 τοῖς
1890 1696 2276 1780 βασιλείοις.

283 1801 422 1866 Scr.
455 1796 894 1890 ἐφορμοῦσαν.
996 1802 1214 1868 Addit
1241 1801 1449 1868 euim:
1489 1801 1601 1864 καὶ
1643 1800 1763 1878 την
1802 1790 2011 1868 αὐτοῦ
2054 1822 2279 1888 καιρο-

280 1901 701 1996 φυλακοὺσαν
742 1898 953 1991 τύχην.
1055 1904 1159 1975 Of.
1204 1905 1487 1973 Dorvill.
1532 1904 1615 1968 ad
1648 1904 1845 1968 Char.
1889 1928 1955 1993 p.
1991 1904 2077 1971 31
2098 1925 2159 1991 7.
2189 1902 2275 1991 sq.

433 2008 505 2072 P.
541 2010 858 2075 801.12.
917 1996 1036 2086 τήν
1093 2015 1210 2094 μὲν
1269 1999 1702 2074 οἷπεκτονυῖαν
1765 1999 1843 2072 οὗ
1900 1997 2105 2096 μικροὶ
2155 2000 2279 2074 τοῦ

279 2108 580 2195 γενναίου
627 2104 821 2177 τοῦτο
861 2105 1087 2194 λῆμμα
1130 2105 1405 2195 ἄγαμαι.
1505 2108 1818 2176 Fortass'e:
1865 2105 1985 2199 τοῦ
2024 2130 2278 2195 γενναι-

283 2203 528 2278 οτάτου
586 2206 875 2298 λήματος
934 2210 1211 2298 ἄγαμαι.
1280 2215 1380 2296 [Ρ.
1422 2213 1593 2280 808.
1645 2234 1756 2303 29.
1810 2214 1876 2279 οἱ
1930 2212 1999 2278 δὲ
2066 2205 2276 2282 ταῦτα

279 2306 612 2390 λαθόντες
657 2364 673 2380 .
706 2364 723 2381 .
756 2363 772 2378 .
813 2311 926 2396 τῆς
970 2307 1303 2406 εὐμοιρίας
1349 2307 1470 2396 τήν
1509 2306 1710 2381 πόλιν
1750 2310 2045 2400 ἄγονται.
2136 2317 2272 2381 Ser.

278 2411 622 2502 μαθόντες
648 2431 711 2487 et
738 2415 1070 2506 ἄγανται.]
1097 2456 1201 2470 --
1280 2421 1352 2487 Ρ.
1387 2421 1555 2487 805.
1604 2420 1714 2486 16.
1774 2411 1813 2485 o‘
1868 2409 1955 2484 τοὶ
1993 2411 2275 2508 τύραννα

281 2514 532 2610 δράσας
558 2525 762 2590 ἐκεῖνα
806 2526 946 2596 καὶ
990 2526 1425 2591 πέπτωκεν.
1515 2523 1804 2591 Videtur
1829 2523 2274 2592 scribendum:

277 2629 791 2693 καταπέπτωκεν.
891 2627 971 2691 In
1011 2629 1234 2695 eadem
1271 2651 1419 2717 pag.
1442 2629 1494 2705 1.
1536 2650 1560 2692 1
1576 2676 1593 2693 .
1634 2629 1700 2694 οἱ
1746 2631 1859 2693 καὶ
1901 2631 2091 2718 μέχρι
2122 2626 2274 2694 παί-

280 2727 409 2795 δων
456 2721 578 2807 τήν
631 2729 982 2820 τυραννίδα
1038 2734 1508 2800 ποιεῖσθαι
1566 2724 2031 2813 σκηπτόμενοι.
2134 2733 2272 2797 Ser.

277 2821 706 2901 ἇπολεῖσθαι.
737 2869 843 2883 --
901 2837 966 2902 P.
991 2837 1158 2903 810.
1206 2858 1315 2925 17.
1351 2827 1551 2921 ὁρᾶτε
1593 2825 1742 2918 γάρ,
1790 2828 1968 2909 ὅπως
2013 2838 2130 2916 μὲν
2160 2826 2272 2915 νή-

277 2928 432 3013 πιός
474 2936 631 3004 ἐστι.
715 2939 849 3010 Ser.
892 2932 1071 3016 ὅπως
1123 2931 1161 3005 ὁ
1210 2943 1328 3021 μὲν
1359 2926 1560 3016 ἤπιός
1605 2937 1801 3001 ἐστιν.
1833 2970 1938 2982 —-
1998 2938 2065 3001 P.
2105 2938 2144 3003 8
2164 2960 2189 3001 1
2209 2959 2270 3002 2.

280 3040 402 3106 35.
437 3034 941 3130 τυραννοκτόνον
981 3031 1123 3106 οὐκ
1177 3042 1270 3150 0⁸15
1289 3061 1372 3106 σι
1419 3037 1683 3123 μητέρα.
1744 3039 1881 3104 Ser.
1910 3036 2146 3126 ἔχουσι.
2164 3075 2271 3090 -—

275 3141 350 3208 Ρ.
384 3143 548 3207 816.
583 3165 699 3209 21.
741 3139 860 3209 τοῦ
909 3135 1113 3209 τόσου
1150 3167 1230 3209 το
1268 3140 1475 3250 §imo-2.
1560 3141 1697 3207 Sor.
1728 3133 1921 3209 τοῦτό
1954 3164 2076 3210 σου
2100 3165 2177 3210 το
2210 3141 2267 3224 ξ.

275 3243 489 3310 Paulo
516 3246 736 3312 aniel.
773 3245 838 3312 6.
881 3248 996 3310 καὶ
1047 3236 1166 3325 τήν
1211 3246 1281 3310 ἐκ
1327 3231 1583 3336 φυσεως
1628 3234 1935 3334 ἀνδρείαν
1991 3268 2269 3312 κατεπο-

274 3348 563 3431 λε’μησεν.
685 3337 1288 3437 801.οἷνανδρειάν.
1366 3360 1657 3414 naturae
1692 3346 2030 3415 muliebris
2068 3350 2276 3439 igna-

276 3474 484 3538 vlam.

431 3555 505 3619 Ρ.
537 3554 704 3621 820.
748 3577 771 3619 1
792 3556 855 3622 4.
915 3558 1028 3622 καὶ
1071 3545 1200 3646 γαρ
1246 3550 1308 3622 εἰ
1361 3550 1449 3631 εἷς
1512 3542 1594 3620 τα
1654 3548 1827 3620 ἄλλα
1890 3548 1976 3621 ἂν
2029 3547 2268 3645 ἥμερός

275 3657 440 3723 ἐστι.
541 3659 677 3724 Sor.
723 3648 1058 3750 ἀνήμερος.
1158 3662 1348 3727 Haec
1389 3659 1812 3750 Decjamatio
1854 3682 1990 3725 non
2032 3660 2120 3726 ast
2146 3661 2266 3728 Li-

274 3758 488 3876 banii3
533 3761 640 3828 sed
665 3762 1021 3831 imitatoris
1050 3765 1417 3831 admodum
1441 3762 1792 3830 ieiuni.--
1838 3763 1914 3828 P.
1951 3763 2116 3830 821.
2155 3765 2267 3830 13.

275 3884 360 3931 συ
398 3856 602 3950 μόνος
642 3856 828 3945 οἶδας
868 3861 1098 3954 ταῦτα,
1146 3888 1596 3982 καταμαντευῃ
1624 3890 1711 3932 τα
1737 3866 2073 3950 μέλλοντα.
2126 3867 2263 3933 Ser.

276 3971 392 4031 καὶ
417 3961 730 4078 μαντεύῃ.
767 4006 874 4021 —-
951 3973 1026 4039 Ρ.
1059 3974 1228 4037 822.
1260 3973 1379 4039 33.
1441 3958 1586 4035 αλλ’
1646 3967 1779 4038 ἔδει
1842 3989 2072 4036 κοινου
2108 3992 2265 4084 χρη-

276 4088 449 4153 014ου
490 4095 668 4150 τινος
680 4122 703 4161 ,
754 4077 866 4142 καὶ
915 4068 1322 4165 συμβούλους
1370 4066 1803 4158 ποιήσασθαι
1845 4093 1997 4152 τους
2022 4063 2260 4152 θεούς·

2911 4217 2919 4280 ᾼμ*
2913 4011 2921 4200 μ-ᾲᾼιῌᾲῌ
2917 3971 2920 3996 -1
