2952 5028
615 378 712 444 30
1122 389 1719 440 onsERvAnoNEs
1796 391 2099 443 vAmAE.

611 564 716 632 Ibi
744 575 974 628 tamen
1021 548 1111 628 Οὔ
1151 580 1283 644 μην
1323 549 1381 643 γ’
1424 556 1631 639 ἑλίξας
1668 583 1755 625 ex
1786 560 2162 625 coniectura
2202 561 2408 627 edidit
2435 562 2605 628 Val-

612 665 1018 737 ckenaerius·
1003 714 1022 749 ‚
1108 662 1309 728 unius
1363 664 1509 728 MS.
1560 664 1948 730 auctoritate
1999 684 2040 748 y
2108 666 2324 730 omifit
2385 668 2605 733 Brun-

610 773 831 858 ckiu33
876 790 1227 858 perperam
1257 778 1553 856 uterque.

811 871 1163 960 Euripides
1190 867 1409 960 Alope
1452 872 1637 959 apud
1663 872 2150 977 Etymologum
2186 871 2287 938 Μ.
2336 894 2398 960 p.
2432 871 2616 956 420,'

613 1001 644 1044 1
662 979 730 1052 6.

713 1070 815 1151 Οὗ
854 1100 985 1164 μην
1037 1067 1117 1141 σύ
1161 1099 1202 1158 y
1279 1066 1451 1158 ἦιιᾶς
1501 1098 1657 1151 τους
1704 1068 2008 1154 τεκόντας
2048 1066 2270 1173 ᾐδέσω.

606 1186 855 1253 Editur
900 1170 997 1248 Οὔ
1040 1203 1135 1266 μη
1181 1169 1263 1242 σύ
1313 1199 1354 1262 γ
1385 1227 1405 1265 ‚
1481 1180 1662 1266 quod
1703 1181 1845 1246 leve
1903 1180 2152 1246 vitium
2207 1181 2431 1246 fraudi
2472 1179 2607 1245 fuit

541 1328 547 1335 ·
609 1283 994 1357 Maulsaco
974 1308 1046 1347 m
1089 1282 1291 1348 Notis
1331 1285 1415 1348 ad
1448 1277 2054 1370 Harpocrationem
2102 1307 2168 1372 p.
2208 1306 2319 1374 29.
2364 1285 2601 1349 Grotio

606 1394 683 1459 in
728 1387 1074 1476 Excerptis
1122 1410 1184 1474 p.
1219 1387 1386 1476 571.
1434 1386 1740 1452 Barnefio
1790 1398 1856 1451 et
1916 1388 2307 1475 Musgravio
2343 1387 2416 1451 in
2470 1386 2604 1453 fra-

610 1493 897 1584 gmentis
924 1482 1016 1581 *).
1116 1491 1241 1556 Sed
1282 1501 1359 1554 ut
1390 1489 1563 1556 illue·
1585 1492 1859 1555 tandem
1902 1492 2081 1556 unde
2121 1492 2256 1556 abii
2299 1491 2601 1575 redeam3

612 1600 766 1666 sunt
823 1595 1149 1663 nonnulla
1213 1595 1396 1681 apud
1452 1594 1807 1660 Comicum
1853 1595 1997 1659 loca
2017 1642 2038 1681 ,
2115 1610 2282 1684 quae
2335 1595 2603 1681 regulae

609 1704 773 1772 huic
801 1699 1050 1766 obstare
1078 1699 1443 1768 videantur.
1538 1698 1638 1764 Ea
1668 1697 1873 1786 igitur
1904 1709 2170 1788 tempus
2211 1698 2298 1764 est
2328 1708 2406 1762 ut
2447 1721 2603 1764 exa-

609 1804 958 1875 minemus.
1892 1787 1897 1795 ¹

813 1880 1288 1994 Aristopheines
1317 1905 1495 1971 Plut.
1532 1903 1700 1973 566.
1731 1954 1736 1961 .

711 2002 818 2092 Νή
877 1999 994 2076 τόν
1053 2000 1142 2076 Δῖ
1208 2010 1275 2075 εἴ
1330 2032 1403 2093 γε
1465 2008 1572 2074 δεῖ
1624 2009 1868 2073 λαθεῖν
1942 1997 2182 2092 αὐτόν,
2255 2001 2389 2086 πῶς
2458 1997 2601 2094 οὐχὶ
2671 2027 2677 2033 ·

1762 2102 2046 2195 κόσμιόν
2094 2111 2270 2198 εἶσι-ις

605 2222 711 2289 De
737 2241 869 2310 quo
897 2217 1138 2282 merito
1182 2215 1363 2282 dixit
1409 2204 1825 2298 scholiastes,
1889 2203 2151 2305 ψυχρόν
2192 2205 2270 2279 τὸ
2308 2205 2603 2299 ἐνθύμηι

607 2351 725 2410 μα.
830 2324 999 2387 Sane
1028 2321 1083 2384 is
1114 2323 1330 2386 multo
1355 2320 1492 2386 fuit
1520 2318 1859 2385 Brunckio
1893 2329 1958 2382 et
1985 2317 2472 2384 Hemsterhufio
2501 2319 2600 2384 sa-

608 2427 854 2517 gacior.
962 2425 1110 2493 MS.
1142 2423 1460 2490 Dorvillii
1504 2421 1722 2507 dedit,
1774 2424 1844 2488 εἴ
1874 2442 1947 2503 γε
1975 2422 2217 2485 λαθεῖν
2256 2411 2463 2487 αυτόν
2500 2423 2606 2488 δεῖ

609 2526 742 2607 πῶς
786 2552 865 2596 ου
910 2517 1190 2613 κόσμιόν
1227 2530 1404 2613 ἐστι,
1468 2527 1745 2615 quicum
1798 2523 2121 2592 consentit
2162 2525 2403 2590 Suidae
2448 2528 2594 2593 MS.

606 2634 680 2701 C.
714 2634 788 2698 C.
835 2633 908 2698 C.
964 2630 1187 2699 Oxou.
1233 2633 1305 2697 in
1350 2654 1411 2699 v.
1449 2630 1738 2709 κλέπτης.
1854 2626 2013 2693 Inde
2046 2627 2596 2717 HemsterhUHuS,

603 2739 841 2828 opinor
857 2784 876 2822 ‚
932 2760 1015 2803 ne
1044 2747 1186 2800 tam
1204 2801 1209 2808 ,
1227 2735 1522 2801 facetum
1564 2743 1629 2797 et
1668 2734 2034 2821 elegantem
2074 2730 2331 2799 versum
2370 2736 2597 2822 perde-

602 2854 706 2911 ret
723 2889 745 2926 ‚
789 2841 1000 2908 effecit

712 2935 820 3025 Νή
880 2934 996 3011 τόν
1037 2937 1159 3011 Δία
1195 2931 1290 3028 γ’,
1359 2941 1427 3008 εἴ
1475 2964 1549 3025 γε
1596 2940 1840 3004 λαθεῖν
1889 2926 2094 3004 αὐτόν
2133 2938 2265 3025 δεῖ,
2333 2934 2474 3017 πῶς’
2513 2930 2596 3007 οὗ

1754 3033 2033 3109 κόσιιιὸν
2073 3043 2248 3107 ἐστι·
2232 3094 2253 3130 ,

496 3160 576 3221 35
608 3152 806 3237 Quod
842 3173 999 3217 cum
1043 3150 1115 3214 in
1144 3150 1291 3215 MS.
1328 3146 1444 3212 suo
1486 3145 1658 3212 forte
1696 3145 1972 3212 fortuna
2009 3146 2336 3235 reperiss'et
2376 3148 2593 3215 Brun-

604 3256 827 3339 ckiu8,
870 3254 946 3319 in
979 3264 1246 3318 textum
1275 3250 1528 3316 intulit.
1608 3252 1883 3317 Nollem
1913 3250 2202 3318 factum.
2245 3276 2382 3319 non
2410 3253 2594 3319 enim

603 3360 885 3445 frigidus
924 3357 1126 3422 modo
1158 3367 1223 3420 et
1252 3355 1515 3442 ineptus
1543 3352 1678 3418 est
1657 3377 1873 3441 locus»,
1922 3355 2029 3420 sed
2056 3368 2290 3422 contra
2332 3380 2593 3424 morem

602 3476 670 3534 et
706 3464 899 3529 (leem
902 3485 1055 3547 um,
1125 3470 1206 3525 ut
1252 3456 1602 3544 Chremyli
1645 3458 1933 3523 lationes
1975 3461 2321 3528 confutare
2367 3485 2591 3549 aggre-

601 3561 833 3635 diatm
871 3564 1331 3654 BlepfidemuS.
1447 3560 1704 3627 Deinde
1721 3609 1741 3646 ,
1799 3562 1847 3625 fi
1893 3563 1997 3627 vel
2043 3565 2358 3632 admitte1
2359 3576 2422 3629 et
2464 3565 2590 3630 ser-

599 3670 817 3739 monis
847 3670 959 3735 lex
973 3717 995 3754 ‚
1038 3690 1244 3755 quam
1270 3652 1590 3759 φορτικὸν
1620 3665 1770 3732 ess'et
1797 3665 2161 3753 particulae
2202 3668 2380 3732 istius
2410 3667 2586 3732 intra

601 3775 944 3843 tantillum
970 3771 1159 3859 spani
1199 3760 1562 3860 repetitio?
1646 3767 1798 3833 Iure
1828 3769 2036 3855 igitur
2072 3771 2334 3834 summo
2368 3781 2586 3836 totum

602 3878 864 3951 versum
896 3875 1194 3965 spurium
1226 3886 1289 3941 et
1331 3869 1689 3938 infititium
1730 3870 1848 3936 effe
1885 3874 2351 3960 pronunciavit
2386 3875 2587 3940 Bent-

605 3984 770 4052 leius
787 4030 810 4069 ,
856 3979 1043 4047 cuius
1075 3976 1416 4044 sententiae
1457 3997 1786 4065 magnum
1815 3999 1855 4040 a
1895 3999 2145 4042 canone
2177 3976 2394 4044 nostro
2422 4000 2587 4066 pon-

667 4209 712 4274 *)
753 4208 902 4261 Haec
933 4202 1148 4291 plenius!
1185 4201 1256 4257 ad
1290 4199 1702 4272 Phoeniss'arum,
1732 4201 1920 4290 loeum
1954 4200 2144 4260 docuit
2177 4200 2479 4282 Porsenna..
2516 4205 2583 4263 E.
