2952 5028
29 3681 43 4152 uw--u2-vv—
31 3597 35 3610 —
29 3495 33 3510 —

643 347 1419 398 oesnnvA'nonns
1469 332 2305 401 n1sanLAE.333

320 522 593 588 ἐδέοντο.
675 519 814 586 Ser.
842 509 1102 610 ἐδῄουν.
1222 486 1472 589 Contra
1513 520 1557 586 l.
1595 543 1658 610 7.
1677 512 1760 588 ὁ
1815 522 1884 587 δὲ
1937 512 2124 616 ἰδιῗου
2185 515 2312 590 τῶν

319 622 650 709 πολεμίων
688 613 807 704 τήν
854 618 992 713 γῆν.
1091 622 1228 688 Sc1.
1274 615 1311 689 ὁ
1352 624 1420 689 δὲ
1472 623 1715 690 ἐδείκνυ
1773 620 1897 691 τῶν
1957 650 2026 690 π.
2070 654 2128 694 τ.
2176 623 2309 711 γῆν.

318 729 422 795 Cf.
468 753 537 818 Ρ.
579 728 745 818 936.
783 725 846 791 4.
905 727 1075 815 937.
1114 749 1227 795 20.
1260 761 1366 774 —-
1449 729 1722 818 P.958.
1772 750 1880 794 12.
1939 733 2049 793 καὶ
2112 720 2313 796 ἄπελ-

316 824 568 908 θόντος
604 827 843 918 χαίρε
861 852 890 892 ι
926 824 1243 916 τοῦνομα.
1321 831 1759 899 scribendum
1789 833 2079 900 videtur:
2128 833 2314 921 διαρ-

315 939 428 1002 κεῖ.
494 936 733 1017 durat,
801 946 1043 999 manet.
1071 969 1178 982 —-
1271 936 1343 1000 P.
1377 936 1547 1025 973.
1604 958 1712 1001 12.
1751 939 1860 1001 καὶ
1921 937 2315 1013 πιστευθεὶς

317 1027 524 1113 εὐθυς
563 1034 752 1126 ἐφίσ
767 1062 804 1102 τ
819 1062 861 1118 η
901 1062 939 1103 τ
955 1029 1048 1117 ἠν
1089 1037 1438 1126 τυραννίδα
1465 1032 1947 1130 χαλεπωτέραν.
2007 1041 2147 1106 Scr-
2177 1037 2315 1131 ἐφί-

314 1161 546 1220 στησιν
588 1162 727 1227 τυρ.

470 1245 540 1310 Ρ.
586 1267 608 1308 1
631 1245 900 1311 003.1.
975 1243 1211 1321 ἐκεῖνος
1263 1246 1669 1337 ἐψιλωμένην
1722 1204 1840 1328 τήν
1897 1239 2096 1317 πόλιν
2155 1267 2314 1331 συμ-

314 1338 541 1434 μάχων
585 1344 655 1426 ἐξ
704 1336 972 1435 ἠπείρου
1019 1350 1127 1410 καὶ
1176 1340 1522 1426 θαλάττης
1571 1341 1945 1441 ᾰπέφραττε
1959 1399 1979 1437 ,
2042 1354 2157 1417 καὶ
2196 1340 2312 1416 οὗκ

316 1452 387 1517 ἐν
429 1455 547 1535 μὲν
597 1452 735 1525 τοῖς
773 1442 992 1533 λόγοις
1051 1446 1369 1515 ἐδείκνυεν
1432 1446 1586 1517 οιάν
1639 1443 1789 1517 οῦδὲ
1852 1454 1957 1519 δεῖ
2009 1478 2078 1519 τι
2125 1453 2314 1541 προέ-

316 1556 531 1638 σθαι,
585 1551 954 1645 φείδεσθαι
993 1547 1249 1636 μᾶλλον
1287 1544 1525 1641 ἡρεῖτο.
1591 1555 1913 1645 Syllabis»,
1958 1579 2127 1644 quae
2167 1578 2315 1621 ma·

313 1659 375 1724 le
403 1658 830 1742 coaluerunt,
870 1655 1231 1740 distractis,
1282 1658 1464 1743 lego:
1517 1647 1631 1723 οὔκ
1679 1659 1749 1724 ἐν
1772 1665 1892 1743 μὲν
1915 1665 2055 1734 τοῖς
2087 1649 2311 1742 λόγοις

313 1758 631 1827 ἐδείκνυ
681 1755 1068 1845 εὔνοιαν,
1120 1750 1212 1827 οὗ
1262 1749 1320 1824 δρ
1373 1758 1549 1827 ἔδει
1596 1784 1669 1828 τι
1711 1783 1821 1852 πρ.
1871 1760 2120 1828 nonin
2164 1782 2315 1826 ora-

314 1862 606 1930 tionibus
637 1874 903 1929 tantum
944 1863 1469 1933 benevolentiam
1496 1889 1657 1954 prae
1684 1865 1747 1930 se
1784 1865 2072 1953 ferebat,
2118 1866 2312 1950 dum,

313 1967 432 2034 ubi
475 1988 643 2057 opus
682 1967 833 2031 effet
873 1967 1137 2056 aliquid
1165 1968 1574 2055 impendere,
1635 1969 2037 2060 pat-limonia
2079 1969 2322 2034 uteba-e

311 2063 450 2138 'tun
478 2105 583 2118 --·
647 2071 722 2135 P.
765 2072 978 2138 1033.
1023 2069 1133 2135 14.
1176 2061 1317 2137 τόν.
1345 2063 1750 2161 νεώτερον
1790 2073 2196 2161 περιμένεις,
2262 2059 2317 2136 ὦ

322 2173 640 2258 Θετταλὲ,
705 2163 824 2239 τὸν
872 2163 1206 2260 ἕράσιιιον.
1309 2165 1631 2240 801·.το“ν
1666 2176 2025 2265 ἕσπερον
2081 2196 2310 2262 περιμ.

315 2300 450 2364 quo
497 2287 802 2364 tempore
846 2299 1017 2345 nova
1059 2287 1270 2364 nupta
1313 2277 1383 2340 in
1425 2276 1660 2343 mariti
1705 2281 1986 2345 domum
2025 2278 2313 2366 rapitur.

311 2414 419 2430 ·--
466 2379 539 2444 P.
579 2379 790 2446 1042.
829 2402 856 2444 1
875 2401 936 2469 7.
984 2380 1065 2444 de
1109 2380 1503 2447 Telamone:
1571 2371 1692 2447 τόν
1740 2374 2154 2468 συγκάθετον
2194 2386 2340 2467 μὲν,

312 2473 624 2572 ‘Hyades
657 2471 776 2561 τήν
833 2479 1099 2574 Τροίαν.
1201 2483 1337 2550 Ser.
1384 2474 1507 2551 τόν
1560 2477 2081 2570 συγκαθελόντα.
2201 2485 2308 2552 Cf.

311 2610 378 2676 p.
422 2587 635 2653 1041.
673 2586 786 2652 26.
831 2611 899 2677 p.
935 2609 1100 2678 997.
1134 2586 1200 2653 6.
1306 2587 1386 2653 In
1409 2589 1635 2654 eadem
1668 2613 1816 2677 pag.
1849 2592 2019 2677 lege:
2067 2577 2161 2670 ἦν
2188 2612 2312 2673 μοι

312 2687 463 2772 ρ”ίος
516 2680 832 2774 εὐδαίμων
888 2694 998 2755 καὶ
1060 2682 1410 2779 ἐνεργός.
1494 2716 1619 2781 pro
1662 2685 1743 2771 ἣν
1784 2706 1848 2758 et
1900 2684 2170 2780 ἐνήργει.
2203 2726 2312 2741 --

315 2795 387 2858 Ρ.
434 2794 746 2884 1049.1
786 2817 876 2859 τα
915 2793 984 2858 δὲ
1033 2817 1202 2883 ακρα
1242 2788 1367 2859 τῶν
1414 2794 1690 2882 δένδρων
1729 2792 2068 2885 ἐφαίνετο,
2120 2783 2312 2858 τότε

311 2921 395 2981 γε
437 2888 896 2985 υπεραίροντα.
980 2898 1120 2963 Ser.
1160 2885 1242 2961 τό
1304 2896 1498 2980 τέγος.
1601 2897 1789 2961 Tum
1829 2898 1906 2962 in
1946 2894 2315 2985 proximis:

313 2991 674 3089 ἐγράφοντο
739 3000 824 3064 δέ
855 3022 1081 3074 τινες
1128 2998 1196 3062 ἐκ
1230 2990 1358 3062 τῶν
1414 2990 1781 3083 οἰκημάτων
1823 3002 2150 3087 τέσσαρες.
2211 2997 2315 3067 vi-

314 3103 395 3167 de
426 3125 513 3166 an
550 3102 781 3167 fuerit:
826 3092 886 3164 δ’
930 3092 1302 3194 ἐξιόντες
1349 3100 1416 3165 ἐκ
1456 3126 1515 3166 τ.
1566 3097 1683 3168 οἰκ.
1712 3136 1819 3151 —-
1884 3104 1957 3168 P.
1996 3099 2209 3171 1064.
2244 3102 2310 3167 3.

313 3195 728 3282 καθάπαξ
773 3192 963 3292 οἷὲρος
1011 3208 1129 3287 μὲν
1169 3204 1280 3267 καὶ
1325 3196 1452 3284 ὅση
1496 3227 1696 3329 προςη
1698 3196 2073 3272 θάλατταν.
2154 3206 2316 3273 For-

316 3304 501 3371 taffe:
548 3309 687 3371 καὶ
733 3329 833 3372 τα
879 3295 1067 3394 παρ’
1107 3295 1295 3393 αὲρος
1345 3311 1464 3391 μὲν
1498 3311 1611 3371 καὶ
1655 3300 1830 3374 ὅσα.
1910 3310 2061 3375 ..Ρ
2095 3309 2310 3400 1069.

326 3431 437 3498 17.
501 3412 616 3474 καὶ
655 3401 764 3488 τῆς
805 3403 1205 3501 ζωγραφικῆς
1252 3407 1687 3478 ἐδείκνυτο
1744 3409 2057 3498 ἔντεχνον.
2171 3414 2310 3478 Ser.

316 3513 348 3579 ἐ
370 3511 642 3580 δείκνυ
685 3504 766 3577 τὸ
810 3509 1119 3599 ἔντεχνον.
1221 3512 1403 3579 Idem
1437 3514 1714 3580 verbum
1753 3515 2175 3583 obliteratum
2218 3516 2318 3584 vi·-

315 3618 512 3684 detur
543 3641 606 3705 p.
643 3615 858 3684 1086.
912 3620 1017 3685 15.
1077 3612 1186 3681 καί
1234 3639 1356 3700 μοι
1411 3615 1598 3682 δοκεῖ
1642 3609 2041 3684 παστάδα
2094 3608 2315 3686 εἶναι
2367 3654 2371 3659 -

315 3711 397 3789 τό
439 3713 806 3811 πρόσχημα.
910 3717 1225 3788 Fortass'e:
1292 3710 1609 3785 παστάδα
1648 3712 2006 3788 δεικνύναι.
2032 3753 2138 3772 --
2237 3722 2313 3788 Ρ.

329 3846 542 3916 1090.
584 3847 698 3916 29.
747 3824 888 3891 τοῖν
931 3823 999 3888 δὲ
1050 3811 1131 3903 δή
1194 3820 1430 3888 ποδοῖν
1479 3813 1518 3888 ὁ
1576 3827 1694 3908 μὲν
1757 3816 1969 3906 δεξιός
2022 3820 2110 3901 εἷς
2158 3814 2315 3907 γόνυ

319 3928 684 4011 κέκαμπται
723 3977 739 3992 .
773 3974 790 3991 .
830 3918 868 3992 ὁ
900 3927 968 3993 δὲ
1017 3916 1098 4007 δὴ
1144 3924 1396 4006 δηλοῖ
1435 3949 1597 4005 πως
1637 3922 1731 4018 τῷ
1769 3921 2020 4018 βάθρῳ
2062 3924 2314 4015 προςεί-

318 4050 597 4118 ρεισται.
693 4031 828 4097 Ser.
871 4021 912 4098 ὁ
975 4029 1046 4097 δὲ
1106 4018 1188 4109 δὴ
1242 4019 1546 4112 λοιπός
1605 4026 1700 4124 τῷ
1747 4032 1818 4118 β.
1928 4031 2039 4097 Sic
2078 4020 2324 4107 λοιπόο
