2952 5028
657 360 789 421 12'
840 412 848 419 ,
1333 372 1927 424 rnAnLEc'rio

526 534 541 553 '
646 538 862 609 sensus
902 530 1390 608 existimabitur
1418 543 1616 608 cliens
1644 542 1886 625 noster,
1948 539 2286 606 videamus
2328 561 2418 633 an
2446 538 2631 628 quic·

645 667 851 731 quam
881 644 1135 710 ratione
1180 645 1410 733 profici
1453 647 1662 734 poffit.
1773 645 2120 711 'Vitiorum
2136 690 2158 728 ,
2211 665 2379 731 quae
2424 649 2628 711 modo

644 746 1052 832 memoravi,
1112 750 1396 819 alterum
1443 749 1619 815 mihi
1664 748 1925 816 videtur
1967 769 2055 812 cx
2095 746 2414 812 dramatis
2454 736 2627 814 anti-

644 851 763 939 qui
804 863 1043 919 natura
1094 864 1157 917 et
1199 851 1656 925 constitutione
1673 898 1694 938 ,
1762 854 2047 918 alterum
2098 873 2185 915 ex
2224 851 2458 917 Graeci
2498 852 2627 918 ser·

644 954 863 1019 monis
906 955 1126 1022 indole
1171 967 1236 1021 et
1267 956 1535 1043 ingenio
1566 955 1747 1025 oriri.
1860 954 2037 1020 Cum
2070 953 2313 1021 Graeci
2355 955 2622 1042 Tragici

640 1069 938 1145 tempore
970 1067 1148 1124 certo
1188 1070 1254 1125 et
1294 1061 1442 1126 Ioco
1483 1057 2056 1125 circumscriberen
2066 1069 2209 1146 tur,
2277 1056 2621 1128 neceffario

637 1185 803 1251 pene
840 1161 907 1226 id
948 1184 1207 1250 quoque
1247 1162 1668 1229 consecutum
1710 1161 1830 1248 est,
1896 1174 1973 1228 ut
2012 1161 2192 1227 intra
2228 1173 2435 1228 certas
2479 1185 2625 1229 ma·-

638 1265 835 1330 terias
882 1252 1296 1332 subsisterent.
1399 1267 1676 1361 Unitna,
1729 1289 1897 1354 quae
1937 1275 2246 1350 vocatur,
2305 1267 2623 1352 temporis

635 1380 699 1434 et
726 1367 856 1434 loci
873 1416 895 1453 ,
942 1368 1267 1437 unitatem
1297 1369 1499 1437 etiam
1531 1369 1804 1436 aetionis
1831 1371 2219 1459 plerumque
2242 1368 2619 1456 postulavit.

635 1473 705 1539 N
711 1495 797 1537 on
828 1483 1050 1538 tamen
1096 1472 1346 1562 semper
1389 1475 1647 1542 evenire
1683 1474 1943 1563 potuit,
2011 1483 2089 1537 ut
2126 1472 2301 1538 actio
2337 1472 2615 1561 simplex

631 1576 784 1640 satis
827 1576 1138 1643 materiae
1168 1579 1250 1644 ad
1295 1576 1541 1644 iustum
1580 1578 1812 1643 drama
1857 1576 2264 1663 explendum
2311 1575 2614 1663 suppedi-

566 1662 571 1673 ’
633 1690 814 1744 taret.
930 1676 1148 1747 Avide
1192 1678 1405 1767 igitur
1446 1681 1854 1769 arripiebant
1894 1690 2119 1769 poetae
2158 1679 2456 1745 oblatam
2504 1701 2615 1745 oc-

630 1783 946 1855 casionem
963 1831 983 1869 ,
1033 1796 1098 1848 et
1136 1783 1203 1849 in
1246 1785 1739 1851 narrationibus
1776 1783 2085 1850 ornandis
2130 1793 2328 1871 atque
2370 1783 2626 1870 ampli·.

627 1885 896 1951 ficandis
954 1885 1366 1953 libentiffime
1436 1909 1787 1955 excurrere
1866 1899 1932 1977 et
2006 1886 2244 1953 laetius
2308 1887 2609 1952 exultare

623 1988 933 2055 solebant.
1035 1991 1108 2056 N
1109 2002 1465 2077 os,autem,
1535 1992 1652 2081 qui
1674 1992 1915 2080 ,plures
1955 1990 2241 2059 actiones
2269 1990 2341 2054 in
2380 1990 2608 2055 eodem

624 2093 920 2159 dramate
978 2116 1112 2159 una
1168 2095 1584 2161 conteximus
1603 2143 1626 2181 ,
1710 2117 1921 2183 neque
1966 2093 2355 2160 huiusmodi
2415 2116 2611 2159 ornad

624 2209 847 2263 menta
879 2208 1022 2261 tam
1056 2195 1324 2263 studiose
1354 2198 1844 2288 conquirimu53
1886 2210 1953 2265 et.
1982 2199 2028 2264 si
2053 2198 2226 2265 forte
2254 2196 2607 2265 luxurian-

513 2298 591 2357 15
624 2300 708 2364 tis
750 2300 999 2386 ingenii
1041 2311 1230 2388 poeta
1271 2298 1429 2367 tale&
1454 2302 1725 2368 lacinias
1756 2302 1939 2388 operi
1969 2300 2086 2368 suo
2114 2302 2388 2384 attexit,
2445 2323 2605 2368 cum

617 2403 843 2469 sabula
877 2401 1091 2489 postea
1118 2404 1509 2491 reposcitur,
1550 2414 1778 2471 omnes
1807 2405 2197 2492 plerumque
2227 2403 2598 2469 recidimus.

615 2506 971 2572 Nimirum
1029 2507 1284 2597 antiqui
1340 2508 1553 2576 nimia
1597 2507 1928 2576 brevitate
1979 2504 2410 2593 laborabant3
2481 2529 2601 2573 nos

615 2610 829 2676 nimia
867 2611 1276 2698 longitudine
1307 2635 1676 2701 peccamus.
1775 2611 2040 2699 Nulla,-
2086 2621 2415 2701 quantum
2461 2633 2599 2675 me-

556 2767 567 2778 .
614 2714 968 2800 minerim,
1051 2716 1269 2781 adhuc
1310 2715 1594 2806 superest
1637 2714 2007 2800 tragoedia,
2101 2737 2270 2804 quae
2330 2715 2413 2780 ad
2462 2716 2597 2780 duo

615 2818 833 2904 mislia
890 2816 1203 2885 versuum
1270 2818 1555 2908 assurgat
1571 2866 1591 2905 ,
1682 2805 1937 2886 multae
1988 2818 2110 2884 vix
2172 2820 2354 2884 ultra
2408 2819 2597 2884 misse

611 2934 1009 3008 excurrunt3
1073 2946 1230 2989 cum
1279 2923 1493 2993 brevis
1536 2922 1726 2992 nobis
1761 2923 2061 2990 videatur
2102 2920 2328 2990 fabula
2343 2969 2364 3007 ,
2391 2934 2400 2942 ’
2426 2945 2596 3011 quae

611 3050 746 3092 non
784 3027 907 3091 tria
942 3025 1169 3093 saltem
1201 3028 1417 3095 millia
1449 3037 1771 3098 numeret.

760 3131 881 3195 Ad-
941 3131 1222 3196 alteram
1299 3131 1785 3199 accusationem
1852 3128 1993 3198 iam
2064 3128 2420 3222 deventum
2483 3127 2592 3212 est,

611 3254 774 3318 quae
815 3234 1004 3299 nullo
1037 3233 1298 3321 negotio
1331 3237 1644 3303 diluetur.
1747 3234 1848 3302 Ea
1894 3232 1981 3299 est
2005 3231 2290 3297 Graecae
2319 3230 2596 3317 linguae

612 3335 1069 3423 perspicuitas»,
1156 3360 1228 3403 ea
1270 3343 1566 3407 multum
1620 3340 1695 3404 in
1735 3360 1947 3427 parvo
1992 3334 2252 3404 dicendi
2292 3334 2589 3421 facultaS‚

608 3462 682 3503 ea
714 3438 1201 3525 particularum
1238 3443 1338 3509 vis
1368 3455 1434 3509 et
1464 3443 1763 3528 claritaS,
1823 3452 1935 3526 ut,
1988 3461 2121 3504 una
2166 3461 2398 3506 earum
2437 3450 2590 3527 apte

606 3540 844 3607 inserta
862 3590 884 3629 ,
933 3542 1128 3609 fimul
1156 3546 1239 3611 ad
1268 3545 1341 3611 id
1379 3547 1557 3635 quod
1596 3546 1782 3634 prior
1824 3544 2257 3611 interlocutor
2300 3542 2587 3627 dixerat,

601 3644 1068 3734 respondeatur
1082 3695 1103 3733 ,
1146 3649 1340 3715 simul
1386 3649 1699 3717 sententia
1738 3660 2015 3737 utraque
2054 3645 2150 3714 ita
2190 3645 2585 3731 constringa·

604 3761 719 3816 tur
755 3762 820 3815 et
855 3753 1233 3839 copuletur,
1301 3764 1382 3819 ut
1425 3777 1518 3820 ex
1559 3753 1814 3820 duabus
1851 3774 1985 3817 una
2021 3747 2359 3816 efficiatur.
2457 3749 2583 3815 Sed

603 3876 760 3919 cum
791 3854 990 3920 huius
1025 3856 1287 3922 effeetus
1325 3856 1663 3945 perceptio
1700 3878 1788 3923 ex
1827 3854 1953 3922 usu
1989 3852 2313 3920 diuturno
2341 3852 2584 3919 Graeci

596 3956 945 4044 sermonis,
1007 3980 1093 4024 ex
1136 3959 1438 4045 diligenti
1481 3961 1790 4044 lectione,
1882 3981 1966 4023 ex
2011 3968 2262 4023 attenta
2304 3956 2583 4023 medita-

599 4061 778 4126 tione
819 4063 1134 4148 pendeat,
1183 4064 1346 4150 quid
1375 4064 1655 4150 mirum,
1700 4064 1745 4129 fi
1779 4061 2078 4128 homines
2107 4061 2379 4146 indocti,
2421 4084 2579 4128 cum

600 4166 906 4254 primum
936 4164 1255 4252 Tragicos
1296 4167 1584 4236 Graecos
1610 4168 1836 4244 obiter,
1855 4176 1921 4230 et
1961 4162 2163 4231 otiose
2198 4163 2579 4251 inspiciunt,
