2952 5028
820 415 1333 466 PRAEFATIO
1411 416 1900 469 Enr'ronvn.
2262 422 2404 473 111}

314 605 500 666 tum
563 588 866 691 negotii
939 580 1222 662 datum
1290 578 1440 679 est,
1524 601 1619 661 ut
1676 580 2000 667 schedas
2076 584 2399 670 Porsoni

314 721 538 831 apud
587 747 736 799 nos
809 717 1255 799 adservatas
1312 719 1614 827 publici
1675 728 1865 801 iuris
1925 723 2393 807 faceremus.
2467 784 2473 799 .

540 861 780 936 Porro
875 866 1087 936 inter
1165 858 1544 939 Comicos
1623 866 1991 968 exiguam
2072 882 2397 947 tantum

310 999 554 1079 huius
620 997 1048 1077 voluminis
1119 1014 1435 1103 partem
1496 976 1849 1076 vindicat
1914 993 2060 1076 fibi
2110 994 2394 1076 Aristo-

310 1136 661 1244 phanes;
719 1140 806 1211 in
865 1140 1437 1240 quem'tamen
1471 1132 2046 1240 expoliendum
2082 1129 2394 1241 semper

306 1269 839 1354 incumbebat
883 1268 1310 1368 PorsonUS‚
1391 1290 1478 1350 et
1528 1278 1615 1351 in
1664 1271 1822 1350 hoc
1889 1300 2174 1352 omnes
2216 1301 2392 1351 ner-

306 1437 457 1491 vos
513 1405 1026 1487 intendebat:
1076 1406 1310 1516 “quin
1372 1414 1620 1486 etiam
1681 1406 2055 1489 credibile
2114 1408 2260 1509 est,
2329 1406 2390 1493 fi

303 1555 471 1627 vita
512 1543 1127 1652 suppeditasset,
1193 1550 1710 1628 comicorum
1763 1553 2209 1653 principem
2249 1546 2389 1627 de·-

301 1694 538 1764 mum
601 1689 998 1773 exiturum
1042 1681 1317 1784 fuisse,
1386 1711 1437 1760 a
1485 1690 1845 1790 principe
1907 1687 2388 1767 Criticorum

297 1827 747 1923 innumeris
826 1819 990 1899 fere
1080 1798 1276 1901 locis
1351 1818 1801 1900 restitutum
1831 1879 1854 1918 ‚
1946 1825 2383 1929 Atticoque

295 1955 445 2042 suo
485 1966 740 2040 nitore
771 1950 1251 2065 postliminio
1291 1958 1713 2037 donatum.
1774 1962 1894 2038 ·In
1925 1957 2399 2040 adversariis'

296 2105 545 2202 igitur
579 2092 819 2173 exstat
867 2123 1163 2203 magna
1207 2113 1589 2174 notarum
1623 2101 1900 2201 copia,
1959 2095 2064 2174 ad
2118 2094 2385 2203 super-

2433 2008 2454 2191 3

298 2230 520 2315 stites
575 2229 1117 2337 Alistophanis
1172 2228 1481 2309 fabulas
1511 2236 2113 2336 pertinentium,
2170 2258 2383 2337 quae
2431 2198 2454 2357 ξ

292 2365 562 2449 forsan
632 2395 890 2447 novae
968 2365 1304 2449 editioni
1372 2366 1805 2476 aliquando
1883 2362 2386 2451 occasionem

2435 2428 2459 2477 8

298 2504 634 2585 dabunt.
767 2509 1290 2615 Quapropter
1358 2508 1688 2615 Collegii
1754 2502 1990 2588 nostri
2061 2516 2385 2592 rectori·
2435 2553 2448 2616 Ι

294 2644 453 2723 bus
525 2646 869 2751 placuit,
932 2645 1108 2725 has
1173 2652 1263 2727 in
1328 2645 1544 2725 aliud
1612 2663 1936 2751 tempus
2008 2642 2462 2762 sepositas
2439 2617 2462 2702 )

293 2778 594 2862 servari.
644 2812 648 2815 ⁴

498 2877 852 3000 rRestant
921 2916 1186 2998 adhuc
1241 2918 1598 3017 edenda,
1680 2946 1888 3027 quae
1937 2924 2038 2997 in
2106 2916 2388 3027 prosae

230 3046 251 3088 ³
302 3064 693 3137 orationis
752 3054 1204 3164 scriptore3‚
1260 3064 1347 3137 in
1395 3059 1681 3137 Lexica
1730 3059 2076 3156 Graeca,
2164 3074 2248 3136 et
2296 3063 2385 3137 in
2478 3085 2490 3100 ’

301 3213 669 3274 auctores
700 3198 1029 3275 Latinos
1076 3191 1636 3302 conscripserat
1676 3193 2102 3291 Porsonus;
2156 3220 2384 3301 prae·-

308 3333 515 3410 clara
566 3333 900 3439 quidem
940 3340 1242 3440 ingenii
1296 3361 1390 3412 ac
1439 3332 1846 3412 doctrinae
1921 3329 2382 3440 specimina,

302 3476 519 3549 inter
566 3497 776 3576 quae
833 3498 1068 3549 curae
1127 3479 1300 3550 eius
1356 3478 1443 3551 in
1498 3468 1982 3578 Hesychium
2029 3477 2383 3551 maxime

310 3615 697 3689 eminent.
837 3612 1064 3689 Haec
1135 3626 1227 3687 ut
1296 3636 1550 3715 quam
1620 3611 2022 3689 celerrime
2083 3606 2386 3713 publici

305 3750 498 3823 iuris
543 3745 783 3842 fiant,
857 3772 1348 3853 magnopere
1399 3753 1793 3853 cupimus.
1923 3746 2387 3853 Quominus

308 3908 357 3958 a
409 3880 643 3963 nobis
696 3882 887 3962 huic
936 3884 1136 3963 libro
1202 3881 1802 3982 adficerentur„
1848 3880 2215 3989 obstitere
2263 3907 2386 3960 ra·-

304 4026 605 4121 tiones,
675 4048 875 4130 quas
905 4049 1074 4101 non
1126 4019 1235 4104 est
1276 4023 1509 4103 huius
1551 4025 1709 4103 loci
1759 4048 2146 4100 enarrare.
2223 4015 2382 4097 1b1-

304 4152 502 4234 dem
545 4163 792 4240 etiam
824 4156 1271 4244 adservatur
1297 4157 1619 4272 infignis
1656 4159 1799 4253 iste
1830 4158 2093 4240 Photii
2116 4157 2381 4242 Lexici
2417 4147 2424 4156 ’

2360 3547 2480 3912 ’ἓ

2325 4024 2343 4040 -
2435 3915 2456 4078 5
