2952 5028
661 409 755 479 26
1215 456 1219 469 .
1310 416 1941 480 'PRAELECTIO
2029 433 2033 439 ·

650 622 812 689 puS,
903 597 1064 686 quid
1125 595 1433 684 personae
1483 598 1819 664 *decorum
1867 598 2176 687 postulet,
2261 601 2643 687 immemor,

649 714 981 768 excurrat.
1082 699 1170 766 Et
1200 699 1664 789 Polymestoris
1696 702 1969 790 quidem
2009 703 2080 766 in
2125 705 2432 771 mulieres
2459 728 2647 770 ama-

651 805 1014 874 rulentiam
1055 803 1364 870 excusare
1393 805 1619 893 ponis,
1678 816 1757 869 ut
1784 803 2048 873 homini
2090 829 2227 872 nou
2268 808 2444 874 mole
2484 832 2641 874 con-

652 909 1058 993 venientem,
1166 908 1282 997 qui
1362 908 1742 994 graviffima
1807 921 1878 974 el.
1946 910 2311 998 multiplici
2378 925 2641 1002 accepta

650 1013 924 1100 iniuria,
971 1011 1126 1077 filiis
1161 1011 1452 1097 orbatus,
1494 1013 1846 1079 oculorum
1878 1013 2021 1081 visu
2051 1013 2373 1102 privtum,
2415 1039 2642 1083 omnes

536 1121 618 1179 28
651 1117 845 1183 fimul
875 1117 1188 1202 femina-5,
1238 1115 1438 1180 unius
1469 1115 1555 1179 ob
1583 1139 1837 1182 noxam
1863 1127 1929 1183 et
1957 1117 2204 1204 furias,
2265 1120 2640 1208 opprobriis

643 1224 902 1288 lacerat.
1014 1218 1200 1285 Esto:
1265 1218 1700 1306 Polymestori
1748 1218 1961 1286 subita
2003 1220 2102 1286 ira
2147 1233 2210 1286 et
2249 1224 2478 1290 dolore
2523 1247 2642 1289 ex-

647 1323 1048 1392 candescemi
1080 1320 1277 1391 verba
1316 1334 1543 1388 coacta
1576 1324 2049 1397 condonentur.
2108 1324 2234 1391 Sed
2266 1326 2444 1392 idem
2477 1327 2642 1392 alibi

638 1418 1031 1517 ¹Euripides,
1085 1425 1160 1492 in
1186 1447 1387 1513 quam
1414 1437 1680 1514 partem
1701 1428 1987 1501 ianimus
2031 1427 2168 1493 eius
2208 1433 2646 1518 propendeat,

641 1537 814 1600 clare
846 1530 1000 1597 satis
1026 1529 1379 1597 indicavit:
1431 1530 1767 1598 dubitanti
1800 1534 1980 1598 enim
1999 1530 2515 1618 Agamemnoni,
2548 1559 2636 1600 au

641 1636 955 1705 Hecubae
1015 1645 1079 1699 et
1117 1632 1446 1700 comitum
1493 1632 1663 1702 vires
1700 1637 1788 1702 ad
1827 1658 2067 1724 poenas
2111 1659 2150 1699 a
2193 1638 2645 1726 Polymestore

641 1740 995 1826 exigendas
1031 1737 1428 1823 sufficerent,
1470 1738 1814 1826 respondet
1841 1738 2156 1823 Hecuba,
2207 1742 2300 1822 (ν.
2338 1736 2535 1833 874.)

753 1841 831 1909 Ti
880 1832 972 1929 ‹5'3
1033 1831 1111 1907 οὗ
1159 1843 1446 1926 γυναῖκες
1497 1831 1670 1908 εἶλον
1717 1833 2059 1926 Αἰγύπτου
2108 1842 2327 1931 τέκνα,

640 2009 645 2013 ,
739 1947 885 2013 Καὶ
933 1938 1206 2029 Λῆμνον
1252 1940 1459 2032 ἄρδην
1502 1934 1786 2033 αρσὲνων
1830 1936 2171 2035 ἐξῴκισαν·
2156 1994 2176 2031 ,

640 2048 999 2139 Egregiam
1030 2070 1186 2115 vero
1225 2048 1657 2115 defenfionem
1675 2097 1697 2134 ‚
1754 2073 1922 2140 quae
1963 2049 2242 2117 feminas
2287 2050 2371 2114 ad
2398 2049 2633 2114 scelera

639 2152 776 2220 sola
807 2154 1137 2244 patranda
1175 2152 1377 2221 fortes
1418 2148 1743 2240 agnoscit!
1824 2152 2035 2220 Porro
2082 2153 2253 2220 illud
2292 2154 2366 2218 in
2401 2153 2632 2218 eodem

639 2258 910 2345 dialogo
941 2257 1129 2323 omni
1168 2257 1443 2344 pudoris
1467 2267 1533 2323 et
1558 2257 1898 2323 honestatis
1924 2258 2171 2323 rationi
2200 2257 2633 2343 contrarium,
2737 2257 2741 2261 ’

637 2361 817 2450 quod
843 2359 1152 2442 Hecuba,
1202 2360 1734 2442 Agamemnonis
1763 2358 2289 2426 benevolentiam
2328 2360 2445 2425 fibi
2475 2382 2631 2424 con-

525 2519 530 2525 .
636 2464 980 2545 efflatum,
1021 2457 1416 2532 Cass'andrae
1444 2471 1666 2527 noctes
1691 2461 1753 2526 ei
1796 2460 1869 2528 in
1902 2462 2298 2528 memoriam
2334 2473 2626 2530 revocat:

628 2565 720 2651 (v.
757 2564 795 2631 8
814 2586 837 2627 1
863 2563 958 2642 2.)

734 2668 881 2734 Καὶ
920 2650 1054 2750 μῆν
1096 2662 1250 2739 ἴσως
1297 2666 1415 2748 μὲν
1474 2656 1594 2730 τοῦ
1636 2609 1833 2751 λόγου
1878 2688 2072 2734 κενον
2108 2656 2297 2755 τόδε,

730 2759 1004 2857 Κύπριν
1046 2755 1485 2857 προβάλλειν·
1538 2757 1685 2833 αλλ’
1725 2761 1899 2855 ὅμως
1948 2763 2295 2860 εἰρήσεται.

732 2862 922 2962 Πρός
960 2873 1139 2936 σοῖσι
1182 2871 1481 2960 πλευροῖς
1522 2875 1679 2950 παῖς
1726 2861 1847 2958 ἐμή
1881 2872 2290 2960 κοιμίζεται,

733 2969 844 3046 ‘H
880 2964 1131 3068 φοιβάς
1145 3022 1164 3061 ,
1229 2969 1311 3054 ἣν
1354 2968 1632 3041 καλοῦσι
1672 2965 2080 3066 Κασάνδραν
2146 2967 2414 3068 Φρύγες.

576 3148 580 3152 ⁴
624 3081 939 3148 Similem
983 3078 1369 3144 sententiam
1386 3129 1406 3167 ‚
1490 3077 1598 3145 sed
1639 3080 1835 3167 longe
1873 3078 2165 3146 castius
2141 3104 2218 3147 111
2260 3081 2470 3150 Aiace
2506 3099 2625 3148 ex·

623 3182 937 3274 presserat
981 3180 1350 3268 Sophocles,
1463 3181 1689 3251 Verba
1732 3183 1887 3251 sunt
1918 3184 2283 3253 Tecmess'ae
2331 3186 2415 3252 ad
2456 3186 2622 3253 Aia-

625 3305 806 3353 cem:
851 3279 935 3372 (v.
971 3287 1011 3351 5
1027 3304 1062 3347 2
1076 3284 1174 3364 ο.)

650 3378 886 3452 *²sz
936 3387 1076 3472 ἴσχε
1122 3399 1335 3473 καμου
1375 3382 1690 3475 μνῆστιν·
1738 3378 1930 3480 άνὸρί
1965 3416 2076 3459 τοι
2110 3415 2318 3483 χρεων

736 3481 1021 3576 Μνημην
1062 3494 1371 3580 παρεῖναι
1387 3539 1407 3576 ,
1462 3482 1747 3578 τερπνόν
1789 3493 1858 3561 εἴ
1898 3492 1961 3560 τί
2008 3519 2138 3562 που
2190 3489 2438 3564 πάθοι.

626 3592 767 3658 Ubi
819 3606 1006 3660 vetus
1046 3594 1463 3676 scholiastes,
1534 3593 1771 3661 debitis
1815 3598 2125 3664 laudibus
2178 3601 2489 3668 auctoris
2484 3597 2617 3664 sui

624 3697 1090 3763 verecundiam
1135 3700 1432 3788 ester-em,
1495 3699 1652 3764 inde
1690 3700 2093 3770 oocafionem
2140 3701 2474 3790 Euripidis
2512 3724 2614 3766 re-

625 3801 1072 3887 prehendendi
1129 3813 1384 3890 captat:
1461 3793 1830 3888 αἰδημόνως
1897 3804 2000 3889 δὲ,
2077 3806 2299 3893 inquit
2317 3853 2337 3891 ‚
2410 3793 2614 3868 αὗτόν

626 3894 1108 3989 ὑπομιμνήσκει
1154 3896 1239 3971 τά
1288 3899 1402 3984 τῆς
1440 3896 1670 3987 εὗνῆς·
1704 3898 1825 3972 διά
1870 3900 2106 3974 τούτου
2149 3897 2277 3996 γάρ
2313 3897 2611 3990 μάλιστα

623 4006 807 4072 δοκεῖ
839 3996 1042 4073 αὐτόν
1084 4005 1353 4074 πείσειν.
1404 4001 1445 4075 ὁ
1499 4010 1574 4076 δέ
1614 4034 1689 4097 γε
1734 4000 2097 4098 Ευριπίδης
2153 4001 2613 4098 μαστροπικώ·

624 4134 798 4183 τατα
839 4102 1085 4195 εἰσάγει
1126 4100 1247 4188 τὴν
1303 4102 1575 4199 Ἑκάβην
1619 4116 1961 4199 λέγουσαν,
2027 4107 2179 4182 Ποῦ
2237 4137 2358 4191 τας
2412 4112 2609 4205 φίλας

509 4229 593 4292 29
623 4202 760 4289 δῆτ
809 4204 1127 4305 εὐφρόνας
1166 4212 1425 4303 δείξεις,
1472 4212 1685 4305 αναξ,
1725 4207 1852 4284 Η
1885 4210 2013 4283 τῶν
2058 4218 2128 4282 ἐν
2185 4204 2331 4309 εὖνῆ
2374 4210 2610 4309 φιλτά-

621 4337 750 4381 των
791 4306 1261 4405 ἀσπασμάτων.
1362 4322 1632 4392 Partem
1661 4323 1910 4389 horum
1946 4320 2257 4392 versuum
2298 4322 2393 4388 ita
2420 4322 2609 4390 Lati-
