2952 5028
934 372 1032 419 ΙΝ
1114 364 1702 421 ΑΤΗΕΝΛΕυΜ.
2167 357 2328 433 ⁴²103

323 538 538 630 pass'us
566 539 689 625 est,
761 563 931 630 quae
975 539 1126 606 sunt
1174 541 1248 608 in
1292 538 1583 609 Aldina:
1644 532 2197 630 ὑποπεπώκαμεν,
2273 533 2327 609 ὦ
2389 524 2394 529 .

322 640 552 734 ἄνδρες
568 692 588 729 ,
648 645 763 709 καὶ
804 639 1010 720 καλῶς
1057 635 1429 768 ἠρίσταμεν.
1532 647 1706 731 Lege

422 738 974 832 Ὺποπεπώκαμεν
1000 739 1163 836 γάρ,
1207 772 1257 811 ω
1287 738 1523 838 νδρες,
1574 752 1687 814 καὶ
1709 741 1913 825 καλῶς
1949 739 2321 839 ἠρίσταμεν.

471 852 557 918 Χ.
601 874 666 939 p.
704 851 873 916 493.
923 851 998 915 C.
1101 851 1555 939 Antiphanes:
1596 841 1866 921 ”Eam
1905 851 2015 925 ἐπὶ
2063 844 2322 932 τούτοις

317 948 489 1022 πᾶσι
535 949 649 1033 τῆς
693 946 931 1037 σεμνῆς
972 949 1166 1031 θεᾶς.
1281 956 1508 1046 Vulgo
1535 945 1680 1024 Εἷτ
1723 956 1864 1023 ἐπὶ.
1877 976 1934 1025 τ.

465 1058 554 1125 X.
605 1079 673 1144 Ρ.
717 1057 883 1124 494.
929 1059 1005 1124 Ε.
1110 1059 1466 1131 Εᾱίιίοηεξς
1493 1059 1646 1127 Ald.
1685 1053 1963 1146 Cafcwb.
1996 1054 2123 1127 τῶν
2151 1052 2461 1148 πρῶ-ιιὸ

316 1185 397 1230 το
435 1208 453 1228 .
484 1209 502 1227 .
528 1206 548 1228 .
592 1180 698 1236 τες
725 1150 1112 1240 Ἀθηναίων.
1226 1157 1659 1246 Casaubonus
1696 1165 1772 1230 in
1807 1166 2160 1253 margine,
2220 1186 2321 1250 γρ.

317 1259 448 1330 τῶν
485 1254 755 1352 πρώτων
788 1264 1019 1343 παῖδες
1054 1256 1142 1332 Ἀ.
1245 1261 1581 1354 Porsbnus
1609 1262 1736 1334 τῶν
1783 1259 2053 1357 πρώτων
2073 1268 2326 1345 ,παῖδες

317 1358 608 1443 &mea
716 1365 845 1451 (Η.
873 1366 998 1463 D.)

464 1471 555 1537 X.
597 1494 664 1559 p.
703 1472 868 1538 426.
908 1475 984 1539 B.
1088 1466 1298 1539 ταῦτα
1350 1474 1420 1540 δὲ
1470 1472 1598 1565 ἔφη
1643 1465 2053 1562 Ξενόχαρτος
2110 1475 2182 1541 ἐν
2223 1475 2329 1542 Δι-

316 1567 564 1660 δύμοις.
643 1568 965 1666 Ξέναρχος
996 1578 1315 1644 Kul'terus
1338 1580 1423 1644 ad
1452 1579 1643 1645 Suid.
1677 1580 1752 1645 in
1785 1604 1846 1647 v.
1872 1590 2081 1657 recte,
2123 1589 2214 1643 ut.
2242 1578 2331 1644 li-

316 1690 477 1768 quet
507 1701 593 1744 ex
620 1678 780 1745 XV.
823 1701 890 1767 p.
924 1681 1093 1771 693.
1125 1681 1198 1747 B.

460 1782 548 1848 X.
587 1806 652 1871 Ρ.
691 1784 858 1850 496.
897 1785 972 1850 Ο.
1078 1774 1442 1851 AnaxilaS.
1549 1775 1632 1852 οὗ
1667 1775 1800 1911 Φγοὶρ
1844 1780 1930 1851 ἄν
1977 1807 2146 1850 ποτε

395 1881 687 1953 ”Επινον
730 1881 816 1954 ἂν
860 1889 1029 1975 τρεῖς
1077 1881 1353 1973 ὕδατος,
1405 1890 1585 1956 οἴνου
1626 1879 1686 1953 δ
1727 1885 1805 1955 ἓν
1846 1879 2068 2009 μόνον.

313 1989 627 2058 Alterum
669 1983 754 2056 ἂν
792 1989 1065 2056 addidit
1092 1984 1442 2074 Porsbnus.

469 2093 554 2159 Χ.
594 2116 665 2181 Ρ.
705 2093 872 2158 496.
922 2095 1006 2158 D.
1109 2092 1378 2159 Alexis:
1428 2086 1605 2175 ὅμως
1641 2092 1709 2157 δὲ
1756 2084 2007 2171 ταύτην
2059 2078 2318 2176 ἐκπιών,

423 2185 781 2285 [Κομψον]
830 2196 968 2278 λέγε
1005 2217 1116 2281 τι,
1164 2198 1275 2260 καὶ
1318 2187 1679 2282 §carmem
1721 2219 1795 2280 γε
1841 2188 1938 2285 τῷ
1982 2188 2168 2284 ποτῷ

421 2293 759 2381 Ποιῶμεν.

312 2399 726 2469 Addendum
754 2401 1015 2472 videtur
1049 2394 1330 2493 κομψόν.

466 2505 550 2572 Χ.
605 2530 670 2596 Ρ.
707 2505 876 2572 496.
943 2507 1013 2576 F.
1130 2507 1575 2576 Nicochares:
1660 2510 1847 2578 citat
1903 2497 2174 2592 Porsen.
2234 2501 2332 2570 ad

313 2610 505 2678 Med.
533 2610 600 2676 6.
642 2601 1021 2698 Νικοχάρης
1079 2606 1240 2694 γοῦν
1281 2613 1350 2678 ἐν
1379 2602 1716 2705 Ἀμυμώνῃ
1734 2664 1754 2700 ,
1829 2601 1998 2701 πρὸς
2036 2604 2327 2692 τοῦνομα

315 2711 564 2793 παίζων
614 2711 737 2805 ἔφη
760 2760 781 2797 ,

421 2806 744 2902 Οἰνόμαος
789 2807 1016 2903 οὗτος,
1057 2822 1252 2908 χαῖρε
1301 2821 1493 2885 πέντε
1537 2822 1652 2882 καὶ
1701 2809 1853 2884 δύο·

427 2910 627 3005 Κοῖγώ
663 2945 736 2987 τε
781 2924 891 2985 καὶ
935 2913 1017 2986 σύ
1077 2911 1416 3007 συμπόται
1473 2918 1864 3006 γενοίμεθα.

317 3015 404 3088 τοὶ
444 3016 884 3111 παραπλήσια
924 3026 1137 3113 εἴρηκε
1174 3027 1289 3089 καὶ
1325 3026 1396 3090 ἐν
1434 3024 1784 3109 Λημνίαις.
1835 3020 2210 3111 (Supplevit
2240 3008 2322 3104 σύ

318 3121 669 3213 Potsbnus.
676 3123 702 3215 )

473 3230 557 3294 X.
606 3253 673 3318 Ρ.
716 3231 883 3296 430.
932 3230 1023 3296 Α.
1066 3254 1126 3317 7.
1165 3263 1273 3278 --
1323 3232 1399 3295 Β.
1436 3231 1504 3294 3.
1595 3229 1911 3297 Alcaeus:
1972 3227 2174 3294 Recte
2202 3227 2323 3292 hos

318 3331 540 3399 versus
567 3332 890 3421 disposuit
916 3335 1114 3399 Ianus
1132 3333 1519 3418 Rutgerfius
1547 3334 1631 3398 ad
1659 3335 1898 3399 Horat.
1927 3330 2221 3400 Carm.1.
2252 3356 2325 3420 ς,

316 3462 383 3535 Ρ.
430 3461 453 3501 1
481 3459 536 3500 1.
586 3437 686 3501 ed.
716 3437 889 3501 Rob.
936 3439 1161 3526 steph.
1206 3437 1435 3503 1618.
1481 3448 1547 3501 et
1587 3436 1748 3523 legit
1794 3425 2014 3524 ορανῷ
2038 3446 2104 3502 et
2145 3423 2323 3524 ἀμφὶ

197 3593 204 3599 .
317 3542 505 3607 τίθει
532 3530 929 3631 γναῳαλλον.
978 3543 1051 3606 Β.
1073 3546 1138 3608 5.
1176 3565 1221 3603 α
1256 3530 1313 3603 δ
1341 3532 1482 3626 ὥρα
1504 3530 1804 3626 χαλεποί·
1844 3530 2067 3605 πάντα
2092 3536 2163 3602 δὲ
2188 3536 2323 3602 Bec-

319 3640 430 3740 ψᾶ
468 3634 598 3709 ὑπὸ
625 3634 978 3729 καύματος.
1021 3647 1116 3711 ed.
1143 3643 1421 3709 Casaub.
1467 3636 1689 3710 πάντα
1714 3643 2025 3735 δέδιψαις
2050 3642 2146 3708 ed.
2160 3642 2321 3709 Ald.

320 3773 390 3814 π.
431 3748 487 3814 ὃ.
532 3745 772 3840 δίψαις
813 3749 960 3814 Ms.
1008 3750 1097 3817 A.
1142 3747 1268 3813 five
1311 3748 1483 3814 Ven.
1522 3747 1673 3813 teste
1715 3744 2325 3834 Schweighaeusero
2433 3751 2439 3757 '

323 3854 407 3919 ad
433 3853 480 3917 I.
519 3875 584 3940 p.
621 3872 657 3916 9
674 3874 737 3917 9.
770 3855 839 3920 F.
888 3854 1066 3940 Lege
1093 3851 1305 3938 igitur
1331 3842 1573 3943 διψᾶσ’
1599 3875 1725 3941 pro
1751 3845 2024 3944 διψῶσι.
2053 3846 2177 3935 (R.
2190 3840 2325 3937 H)

467 3956 553 4019 X.
601 3979 669 4042 p.
713 3957 880 4023 430.
923 3957 999 4022 G.
1099 3957 1423 4023 Alcaeus:

426 4052 569 4123 Νῦν
606 4050 732 4147 χρὴ
775 4052 1146 4145 μεθύσκειν
1188 4063 1297 4126 καὶ
1349 4051 1584 4147 χθόνα
1612 4049 1798 4149 ’πρὸς
1835 4055 1995 4145 βίαν

428 4158 671 4227 Παίιιν
694 4195 801 4213 —-·
