2952 5028
599 388 1362 440 onsERvATmNEs
1429 388 1950 439 mscELLAE.
2115 373 2254 440 331

273 549 430 622 κᾶν
490 544 581 639 μὴ
653 551 839 623 δοκῶ.
864 558 980 607 ’---
1070 559 1143 624 Ρ.
1183 558 1345 627 835.
1399 580 1464 624 2.
1541 551 1848 645 ἐλλόβια,
1906 548 2266 646 βουβάλια,

276 651 390 744 οἷμ
407 662 503 751 φὶ
547 660 630 724 δὲ
677 655 923 745 ζώνιον,
972 655 1194 740 ἐσθής.
1246 665 1381 729 Ser.
1418 655 1732 752 οἷμφιδέα,
1776 664 1901 730 five
1928 654 2266 752 οἷμφιδὲαι.

273 797 384 812 --
431 765 500 828 P.
525 764 691 830 836.
739 787 792 827 1.
832 766 980 847 ἐμοὶ
1015 772 1142 852 μὲν
1157 760 1304 856 γάρ,
1353 790 1431 847 νη
1461 789 1580 846 την
1605 757 2009 857 Ἀφροδίτην,
2040 765 2220 830 δοκε
2160 790 2265 851 εις,

274 860 503 979 ἐξότου
538 869 903 955 παρεγένου.
984 870 1121 936 Ser.
1154 864 1378 949 ἐξότου
1424 894 1549 959 περ
1592 871 1822 953 ἐγένου.
1924 868 2164 934 Moxl.
2196 873 2262 936 5.

279 960 361 1033 οὐ
408 962 534 1054 γάρ
577 965 705 1034 ἄν.
744 1017 759 1034 .
805 962 1069 1051 όδωδεις
1119 966 1283 1041 οὕτω
1319 971 1533 1041 κακοῦ.
1598 976 1734 1039 Ser.
1768 965 1990 1039 κακόν.
2064 972 2265 1037 Arist.

276 1071 580 1140 ,Ac-ham.
613 1075 782 1140 852.
819 1070 981 1153 ὄζων
1021 1069 1226 1143 κακόν
1261 1073 1388 1143 τῶν
1425 1073 1799 1164 μασχαλῶν.
1829 1111 1932 1126 --
1999 1077 2185 1142 Tum
2224 1078 2270 1141 l.

284 1198 354 1265 9.
394 1167 486 1259 μή
531 1170 845 1243 τούτων
891 1172 1172 1267 ἐρώντων
1206 1203 1335 1266 μου
1397 1181 1746 1268 μειρακίων
1789 1171 2273 1264 παιδαγωγόςῆ

280 1271 529 1370 τροφὸς
568 1275 690 1366 ὤν,
739 1271 1205 1370 ἆπαγορεύσων
1226 1278 1403 1364 ἥκεις
1449 1275 1668 1369 μηκέτ’
1712 1274 1912 1349 αυτὸ
1953 1283 2273 1370 δέχεσθαι

280 1379 406 1447 τοῦ
444 1380 704 1449 λοιποῦ.
806 1389 1037 1467 Quum
1067 1389 1290 1453 nullus
1320 1389 1594 1453 illorum
1636 1387 2015 1455 amantium
2064 1409 2274 1452 mere-

281 1487 437 1552 trici
497 1499 645 1553 tum
690 1489 984 1577 loquenti
1030 1490 1302 1557 adfuiss'e
1346 1491 1671 1577 fingatur,
1740 1512 1984 1556 τουτων
2043 1493 2274 1556 locum

284 1612 424 1656 non
454 1590 674 1656 habet.
773 1594 909 1657 Ser.
955 1587 1047 1676 μή
1094 1616 1246 1658 που
1290 1587 1442 1659 τῶν
1475 1595 1562 1681 ἐρ.
1599 1616 1745 1677 μου.
1799 1603 1863 1656 et
1888 1586 2105 1676 μηκέτ’
2148 1584 2275 1657 αὗ-

285 1685 387 1759 τιὶ
431 1695 555 1781 δέχ.
581 1730 687 1745 ·-·-
746 1697 821 1760 P.
859 1698 1023 1762 838.
1072 1715 1130 1762 2.
1194 1687 1270 1763 οὗ
1312 1686 1438 1782 γάρ
1490 1687 1571 1776 δὴ
1610 1686 1693 1760 τοὶ
1747 1686 2008 1774 συνήθη
2058 1691 2274 1761 ταῦτα

286 1793 544 1885 ἐροῦσιν
569 1799 632 1865 οἱ
678 1798 976 1884 γείτονες.
1049 1802 1298 1868 Nullus
1328 1796 1439 1866 hic
1473 1799 1851 1866 vicinorum
1882 1799 2080 1864 locus·
2138 1801 2275 1864 Ser.

288 1903 353 1966 οἱ
387 1893 683 1989 ῥήτορες,
737 1903 889 1991 qui,
929 1914 1009 1970 ut
1047 1906 1119 1970 iu
1151 1904 1298 1970 aliis
1328 1905 1526 1970 huius
1564 1902 1813 1991 generis
1843 1903 2277 1988 orationibuS,

289 2005 583 2071 cicutam
628 2007 997 2093 petentibus
1026 2009 1237 2073 obniti
1278 2008 1644 2094 finguntur.
1748 2006 1826 2070 In
1857 2007 1990 2072 ead.
2029 2030 2178 2094 pag.
2226 2008 2274 2071 l.

299 2129 410 2173 22.
456 2100 810 2196 ἐπιρῥάξας
854 2101 967 2175 οὖν
1015 2102 1091 2177 τό
1132 2105 1319 2194 σῶμα
1363 2106 1453 2176 τῶ
1496 2110 1792 2200 κιβωτίω.
1862 2111 2000 2175 Ser.
2042 2104 2119 2176 τό
2154 2103 2283 2175 πῶ-

288 2233 405 2294 μα.
432 2247 539 2261 -—
628 2213 697 2278 Ρ.
734 2213 900 2300 839.
953 2236 1006 2277 1.
1068 2208 1182 2279 νῦν
1235 2214 1337 2296 δέ,
1417 2210 1550 2298 εἰμὶ
1607 2219 1726 2297 μὲν
1787 2208 1936 2279 κᾶν
2000 2205 2280 2298 τούτοις,

293 2305 437 2379 οὐδὲ
480 2305 607 2402 γάρ
647 2307 949 2392 θάνατος
990 2312 1075 2382 ἄν
1122 2339 1205 2401 με
1244 2307 1481 2396 ταύτης
1546 2306 1859 2407 αφέλοιτο
1914 2311 2026 2396 τῆς
2087 2339 2283 2408 φρον·

293 2415 500 2504 τίδος,
553 2410 869 2496 πολλάκις
920 2420 990 2486 δέ
1026 2445 1108 2504 με
1151 2415 1400 2504 μεταξύ
1441 2411 1687 2488 τούτων
1728 2422 1823 2486 ἐπ
1845 2420 1870 2485 ὶ
1924 2408 2044 2499 τήν
2084 2443 2283 2510 κεφα-

295 2512 474 2600 λήν..
624 2524 1062 2590 scribendum
1093 2524 1407 2614 suspicor:
1459 2520 1594 2609 εἰμὶ
1635 2514 1752 2610 μὲν
1795 2527 1932 2589 καὶ
1996 2518 2143 2594 νῦν
2197 2526 2283 2590 ἐν

295 2618 663 2703 τούτοις..
707 2639 773 2693 et
804 2627 976 2694 παίω
1014 2619 1132 2709 τὴν
1168 2651 1307 2721 unp.
1334 2664 1440 2680 -—
1516 2630 1727 2694 Paulo
1758 2629 1898 2716 post
1937 2630 1983 2694 1.
2017 2631 2078 2693 8.
2111 2630 2282 2714 lege:

294 2718 377 2804 ὠς
431 2725 516 2796 ἐν
578 2730 648 2796 ἐν
705 2723 1045 2809 τοσούτοις
1098 2735 1338 2809 κακοῖς,
1356 2721 1630 2816 ᾰγαθόν
1666 2730 1840 2820 ἑζγων.
1917 2755 2043 2820 pro
2081 2724 2163 2809 ὥς
2215 2732 2285 2795 ἐν
2390 2743 2393 2748 “

296 2851 433 2897 τοσ.
498 2834 682 2900 Tum
717 2838 757 2900 l.
805 2857 830 2898 1
850 2859 916 2924 9.
954 2838 1124 2925 lege:
1174 2830 1564 2955 φοβοῦνται
1595 2835 1662 2898 δὲ
1703 2827 1871 2915 ὑμᾶς
1911 2827 2154 2916 μόνους
2197 2833 2287 2898 αἱ

296 2933 569 3022 ἑταῖραι.
628 2962 752 3027 pro
780 2928 887 3003 αεὶ
927 2938 1015 3004 ἑτ.
1117 2939 1205 3003 Et
1235 2940 1280 3003 1.
1324 2938 1436 3002 28.
1480 2927 1564 3002 οὗ
1599 2938 1958 3020 γενομένου.
2010 2958 2132 3024 pro
2173 2955 2287 3000 m-

295 3043 581 3124 νομέυου.
603 3076 708 3091 —--
780 3043 854 3107 P.
893 3043 1058 3107 840.
1092 3042 1155 3105 3.
1211 3031 1297 3105 ἵν’
1337 3032 1638 3120 ἡδιοπίω.
1741 3040 1877 3105 Ser.
1903 3031 2059 3119 ἡδίω
2101 3038 2245 3103 πίω.

448 3145 518 3207 Ρ.
558 3145 730 3210 843;
760 3145 873 3209 26.
924 3148 1034 3208 καὶ
1091 3133 1309 3210 δεινόν
1347 3140 1619 3227 ἕβλεπε,
1678 3145 1787 3207 καὶ
1854 3131 2287 3230 τολμηρόν

300 3231 589 3325 ἔπληττε.
689 3246 824 3311 Ser.
854 3237 972 3311 τόν
1006 3239 1230 3333 μηρόν.
1329 3246 1524 3312 Locis
1553 3246 1770 3310 allatis
1796 3245 1868 3312 in
1893 3245 2124 3312 Addit.
2153 3249 2288 3312 An.

303 3346 378 3412 in
434 3349 680 3414 Athen.
745 3373 812 3438 p.
859 3350 1029 3416 310.
1087 3361 1219 3415 not.
1274 3349 1438 3416 adde
1492 3348 1792 3415 Philostl.
1840 3372 1904 3437 p.
1941 3353 2107 3439 519.
2172 3339 2290 3415 τόν

302 3473 510 3538 μηρον
548 3442 752 3535 θαμα
798 3450 1085 3534 ἔπληττε.
1115 3479 1220 3502 -⁴--
1287 3454 1359 3520 P.
1390 3452 1557 3519 848.
1597 3452 1660 3517 8.
1720 3444 1888 3518 ου’τω
1926 3443 2290 3540 παρασύρε-

304 3578 418 3620 ται
463 3549 588 3621 τῶν
640 3554 903 3622 δικαίων
940 3548 980 3637 ἡ
1027 3554 1240 3644 μερίς,
1294 3546 1716 3632 υποστάσεως
1763 3546 2068 3621 κολακωυ.
2149 3556 2286 3622 Ser.

305 3649 432 3727 ὑπὸ
460 3652 744 3735 στάσεως
783 3660 914 3725 κολ.
978 3658 1056 3725 In
1082 3662 1311 3728 eadem
1345 3684 1491 3749 pag.
1518 3661 1634 3727 lin.
1673 3660 1789 3725 30.
1830 3651 2290 3744 ἇπομνησθείς

306 3787 375 3830 τε
421 3755 698 3844 απάσης.
754 3761 868 3829 scr.
911 3758 1022 3844 τῆς
1080 3755 1356 3844 απάτης.
1381 3800 1487 3814 ·-
1564 3764 1635 3828 Ρ.
1679 3761 1845 3884 849.
1883 3783 1994 3830 20.
2037 3766 2144 3827 καὶ
2172 3757 2291 3827 νῦν

308 3867 452 3951 ἐμοὶ
514 3891 605 3958 τῳ
671 3858 1065 3961 ταλαιπώρω
1124 3859 1364 3933 αλωναί
1416 3891 1490 3934 τε
1550 3891 1588 3934 ο
1644 3865 1915 3951 μεγίστη
1958 3887 2137 3955 συμᾳ
2142 3887 2290 3951 ορα,

263 3974 420 4034 καὶ
470 3962 831 4061 ἀποφυγεῖν
869 3993 954 4037 ου
989 3963 1194 4060 μικροὶ
1243 3975 1379 4049 τοῖς
1417 3972 1530 4036 καὶ
1570 3960 1651 4038 ‘to'
1694 3973 1916 4061 φυγεῖν
1949 3960 2049 4064 ἐφ’
2090 3959 2290 4044 ου’τως

315 4061 590 4153 ἀτόποις
648 4063 1001 4166 ἀφόρητον.
1130 4076 1599 4144 Perturbatum
1657 4074 1841 4142 hunc
1885 4075 2108 4141 locum
2140 4070 2290 4140 leni
