2952 5028
697 361 842 430 234
919 446 924 453 ι
1362 378 1453 429 m
1533 377 2020 427 nummum

794 574 853 617 v.
889 551 1054 639 298.
1155 547 1500 617 Plutarch.
1535 551 1615 614 de
1640 547 1838 614 Orac.
1869 547 2015 614 Des.
2045 572 2108 636 p.
2143 548 2308 615 432.
2338 549 2408 616 F.
2459 539 2541 616 τό
2570 573 2703 640 γαρ

690 647 1170 741 βακχεύσιμον,
1229 655 1369 719 Καὶ
1414 676 1493 718 το
1531 647 1854 736 μανιῶδες
1893 673 2210 735 μαντικην
2249 643 2498 731 πολλὴν
2539 653 2639 740 ἕχ..
2615 679 2698 719 §.a

689 759 789 824 Ita
825 782 947 846 pio
976 746 1408 840 μαντευτικήν
1436 756 1681 842 corrigi
1714 755 1943 822 debuit
1990 779 2077 820 ex
2110 756 2411 844 Euripid.
2446 757 2699 825 Bacch.

695 864 861 952 298.
960 861 1213 926 Eodem
1254 859 1542 948 respexit
1583 860 1760 925 idem
1804 859 2104 947 Symposs
2140 861 2290 926 VlI.
2321 861 2405 924 X.
2468 880 2693 949 10.,Ρ.

529 969 657 1033 265
698 990 732 1059 7
758 991 777 1030 ι
800 967 864 1033 6.
897 967 968 1030 Β.
1008 987 1207 1054 quem
1237 966 1500 1045 locum,
1548 987 1585 1028 a
1621 964 1976 1033 Scholiaste
2008 965 2092 1029 ad
2124 963 2285 1031 Hec.
2336 988 2355 1026 1
2381 965 2548 1053 269.
2596 967 2702 1030 ci-

688 1084 941 1155 tatum,
993 1092 1115 1156 pru
1101 1067 1532 1133 ..Schdiastae
1562 1069 1757 1156 ipfius
1797 1066 2008 1136 verbis
2050 1067 2222 1157 cepit
2260 1068 2344 1134 G.
2386 1070 2696 1157 Cuperus

592 1154 613 1171 “
689 1173 1028 1242 observat
1063 1171 1328 1238 111.12.

793 1301 855 1344 v.
892 1252 932 1342 3
953 1299 976 1339 1
998 1275 1060 1341 4.
1143 1266 1276 1360 Οὐχ
1324 1265 1362 1343 o‘
1413 1263 1718 1351 Διόνυσος
1765 1299 1857 1357 μη
1908 1275 2265 1364 σωφρονεῖν
2304 1262 2691 1357 οἷναγκοὲσει.

688 1371 1001 1469 αφρονεῖν
1028 1401 1160 1467 pro
1190 1403 1281 1463 μη
1312 1381 1668 1467 σωφρονεῖν
1708 1378 2094 1443 Brunckius
2129 1378 2310 1469 quasi
2283 1370 2545 1462 zsuum
2573 1379 2690 1443 de

690 1486 808 1550 dit.
909 1485 1010 1549 Ita
1034 1482 1385 1550 Salmafius
1415 1483 1591 1570 apud
1621 1482 1953 1551 Grotium.
2033 1481 2207 1547 Vide
2235 1481 2457 1569 Synes.
2482 1482 2687 1569 Epist.

696 1590 860 1655 105.
923 1587 1232 1656 Meuand.
1264 1609 1326 1674 p.
1365 1588 1484 1651 30.
1559 1586 1756 1667 (Vid.
1790 1586 2050 1652 Notam
2098 1587 2173 1650 in
2214 1606 2471 1675 nupera
2511 1586 2691 1652 Edi-

684 1695 866 1761 tione
897 1690 1281 1783 H'ippogyti,
1332 1715 1393 1755 ν.
1436 1690 1550 1779 78.
1560 1685 1584 1776 )

786 1794 1054 1882 v..370
1159 1791 1337 1857 citat
1392 1792 1711 1857 Stobaeus
1767 1804 1850 1856 ut
1895 1790 2240 1879 Sophoclis
2279 1792 2399 1857 IV.
2447 1816 2512 1880 p.
2560 1814 2680 1881 ²9·

681 1899 781 1965 ed.
786 1818 999 1962 VGrot.
1031 1897 1134 1962 sed
1166 1896 1510 1984 Euripidis
1545 1895 1820 1963 Bacchis
1851 1909 2024 1962 recte
2067 1894 2391 1964 tribuitur
2415 1919 2456 1961 a
2484 1899 2683 1963 Gesn.

680 2027 751 2096 p.
786 2002 900 2069 53.
946 2002 1043 2066 ed.
1085 2024 1108 2064 1
1132 2000 1294 2128 549.

783 2130 842 2171 v.
851 2105 1046 2194 395.
1161 2104 1273 2170 ἐπὶ
1326 2125 1534 2194 τουτω
1584 2102 1654 2168 δὲ
1694 2102 1876 2169 Stob
1922 2105 2041 2170 Gr.
2089 2124 2154 2190 p.
2198 2103 2357 2168 113.
2460 2104 2571 2168 ἐπὶ
2620 2092 2680 2168 δ’

678 2197 853 2298 αὐτῷ
890 2208 1182 2276 Brunck.

778 2335 847 2378 v:
875 2312 1043 2401 398.
1162 2312 1573 2395 μαινομένων
1628 2304 1770 2379 ol&
1813 2301 2052 2399 τρόποι
2082 2345 2188 2357 -—-
2268 2311 2679 2394 μαινομένων

676 2403 737 2480 δ
765 2438 903 2480 οιτε
948 2408 1317 2503 (δἐοὒαειις)
1359 2415 1457 2481 ed.
1493 2413 1914 2481 Trincavelli.
2019 2416 2194 2501 Lege
2241 2416 2680 2497 Μαινομένων

676 2504 755 2581 θ’
796 2511 958 2582 οἵδε.

776 2644 838 2686 v.
871 2618 1037 2707 498.
1143 2609 1357 2686 Λύσει
1401 2642 1488 2701 με
1529 2616 1776 2702 δαίμων
1815 2608 2049 2703 αὐτὸς,
2099 2612 2264 2686 ὅταν
2310 2609 2426 2703 ἐγώ
2474 2620 2671 2685 θέλω.

677 2724 1006 2794 Mendum
1052 2722 1175 2807 est,
1266 2722 1543 2810 opinor,
1613 2723 2122 2809 Musgravianae
2175 2723 2550 2801 editionis‚‘
2605 2735 2679 2794 et,

676 2827 1096 2897 Brunckium
1139 2825 1428 2892 induxit.
1529 2827 1702 2912 Lege
1729 2851 1888 2893 cum
1920 2826 2171 2893 Aldina
2212 2839 2274 2891 et
2309 2828 2675 2894 Plutarcho

676 2932 805 3019 Op.
850 2934 1023 2998 Mor.
1067 2954 1130 3019 p.
1168 2928 1335 3019 476.
1371 2932 1447 2995 Β.
1503 2922 1713 3000 Λύσει
1771 2921 1843 3015 μ’
1885 2924 1922 2996 ὁ
1967 2930 2251 3015 δαίμων,
2331 2934 2674 3019 quomodo

676 3038 871 3105 habet
910 3035 1107 3102 etiam
1140 3034 1455 3121 Origenes
1485 3046 1708 3099 contra
1734 3034 1995 3101 Celsum
2029 3034 2106 3098 ΙΙ.
2149 3058 2219 3121 p.
2262 3036 2377 3103 80.

775 3163 833 3210 v.
865 3141 1032 3206 508.
1133 3130 1630 3223 Ἑνὸυστυχῆσαι
1671 3128 1936 3222 τοῦνομ’
1973 3131 2340 3217 ἐπιτήδειος
2382 3128 2460 3204 εἷ.

674 3245 853 3311 Vide
894 3239 1280 3329 Well'eling.
1325 3251 1388 3307 et
1445 3241 1874 3309 Valckenaer.
1929 3244 2009 3307 ad
2066 3243 2388 3313 Herodot.
2425 3240 2550 3309 IX.
2605 3263 2673 3328 7.

672 3346 1012 3435 Aristoph.
1060 3346 1209 3412 Pae.
1263 3368 1287 3410 1
1313 3366 1478 3435 227.
1593 3347 1838 3411 Herod.
1879 3345 1992 3414 Vl.
2054 3366 2210 3412 102.
2321 3347 2669 3412 Plutarch.

673 3452 930 3517 Virtut.
978 3451 1249 3518 Mulier.
1292 3474 1359 3538 p.
1407 3454 1572 3517 252.
1620 3449 1705 3516 A.
1793 3449 2009 3517 Laert.
2051 3450 2127 3515 Π.
2176 3451 2292 3516 35.
2387 3448 2672 3515 Pausan.
2744 3445 2749 3451 ⁵

675 3556 826 3620 Cor.
859 3554 936 3618 II.
973 3553 1092 3638 34,
1136 3558 1196 3621 8.
1229 3580 1298 3643 Ρ.
1339 3576 1500 3643 192.
1549 3553 1824 3619 Lucian.
1855 3556 2079 3620 Somn.
2113 3553 2218 3621 ΠΙ.
2248 3578 2311 3641 Ρ.
2347 3558 2411 3622 5.
2460 3553 2669 3621 Dion.

672 3656 837 3724 (lass'.
874 3659 951 3722 L.
998 3682 1017 3720 ι
1042 3680 1103 3722 2.
1172 3658 1443 3746 Dionys.
1476 3655 1815 3722 Halicarn.
1846 3658 1933 3726 A.
1966 3660 2047 3723 R.
2083 3658 2203 3727 XI.
2235 3658 2352 3723 ⁴43.

770 3784 829 3827 v.
867 3761 1035 3827 600.
1138 3759 1348 3850 Apud
1378 3762 1671 3849 Etymol.
1702 3764 1797 3828 M.
1848 3786 1909 3849 p.
1948 3783 2112 3853 279.
2165 3761 2304 3830 Aius
2345 3785 2418 3827 τε
2449 3760 2675 3826 παῖδα

669 3861 806 3928 δίκε
860 3888 933 3929 τε
974 3856 1260 3955 τρομεροέ
1319 3856 1591 3949 σώματα
1642 3858 2004 3944 Μαινάδες.
2125 3868 2258 3934 Pro
2302 3864 2512 3931 παῖδα
2557 3889 2671 3933 re·-

665 3990 863 4057 pone
852 3959 1107 4034 πεδόσε
1149 3994 1235 4035 ex
1282 3968 1522 4034 Bac-ch.
1556 3969 1727 4035 600.

769 4096 828 4137 v.
864 4072 1035 4140 655.
1141 4075 1271 4139 Pro
1298 4061 1558 4161 Σοφος,
1588 4062 1806 4163 σοφός
1835 4063 1896 4140 εἶ
1919 4101 2026 4123 ··--
2073 4075 2410 4141 Barnefius
2443 4064 2671 4162 σοφός

664 4198 706 4258 γ
767 4166 830 4241 εἶ
840 4223 860 4262 ‚
932 4174 1249 4264 probante
1280 4175 1668 4263 Musgravio
1685 4225 1708 4265 ,
1775 4189 1841 4244 et
1885 4177 2315 4268 adstipulante
2349 4178 2494 4248 MS.
2551 4177 2668 4245 sed
